[  
   {  
      "pricePerUnit":[  
         "7.48\u20ac/kg"
      ],
      "name":[  
         "HARICOT"
      ],
      "price":[  
         "2.99\u20ac"
      ],
      "id":"57360",
      "composition":[  
         "Composition : 400 g"
      ],
      "desc":[  
         "Haricot vert \u00e9bout\u00e9"
      ]
   },
   {  
      "pricePerUnit":[  
         "1.98\u20ac/kg"
      ],
      "name":[  
         "BROCOLI"
      ],
      "price":[  
         "0.99\u20ac"
      ],
      "id":"57347",
      "composition":[  
         "Composition : 500 g"
      ],
      "desc":[  
         "Brocoli pi\u00e8ce"
      ]
   },
   {  
      "pricePerUnit":[  
         "2.00\u20ac/pi\u00e8ce"
      ],
      "name":[  
         "EPINARD"
      ],
      "price":[  
         "2.00\u20ac"
      ],
      "id":"81989",
      "composition":[  
         "Composition : x 1"
      ],
      "desc":[  
         "Epinard emball\u00e9"
      ]
   },
   {  
      "pricePerUnit":[  
         "5.10\u20ac/kg"
      ],
      "name":[  
         "CHAMPIGNONS"
      ],
      "price":[  
         "2.55\u20ac"
      ],
      "id":"57358",
      "composition":[  
         "Composition : 500 g"
      ],
      "desc":[  
         "Champignon blanc"
      ]
   },
   {  
      "pricePerUnit":[  
         "16.00\u20ac/kg"
      ],
      "name":[  
         "CHAMPIGNONS"
      ],
      "price":[  
         "2.00\u20ac"
      ],
      "id":"57357",
      "composition":[  
         "Composition : 125 g"
      ],
      "desc":[  
         "Pleurotes"
      ]
   },
   {  
      "pricePerUnit":[  
         "1.10\u20ac/pi\u00e8ce"
      ],
      "name":[  
         "AVOCAT"
      ],
      "price":[  
         "1.10\u20ac"
      ],
      "id":"57353",
      "composition":[  
         "Composition : x 1"
      ],
      "desc":[  
         "Avocat mur pi\u00e8ce"
      ]
   },
   {  
      "pricePerUnit":[  
         "7.80\u20ac/kg"
      ],
      "name":[  
         "AIL"
      ],
      "price":[  
         "3.90\u20ac"
      ],
      "id":"80713",
      "composition":[  
         "Composition : 500 g"
      ],
      "desc":[  
         "Ail"
      ]
   },
   {  
      "pricePerUnit":[  
         "1.50\u20ac/kg"
      ],
      "name":[  
         "RADIS"
      ],
      "price":[  
         "1.50\u20ac"
      ],
      "id":"82444",
      "composition":[  
         "Composition : 500 g"
      ],
      "desc":[  
         "Radis rouge barquette"
      ]
   },
   {  
      "pricePerUnit":[  
         "1.95\u20ac/pi\u00e8ce"
      ],
      "name":[  
         "RADIS"
      ],
      "price":[  
         "1.95\u20ac"
      ],
      "id":"82146",
      "composition":[  
         "Composition : x 1"
      ],
      "desc":[  
         "Radis blanc"
      ]
   },
   {  
      "pricePerUnit":[  
         "1.39\u20ac/pi\u00e8ce"
      ],
      "name":[  
         "RADIS"
      ],
      "price":[  
         "1.39\u20ac"
      ],
      "id":"57356",
      "composition":[  
         "Composition : x 1"
      ],
      "desc":[  
         "Radis rose botte"
      ]
   },
   {  
      "pricePerUnit":[  
         "0.99\u20ac/pi\u00e8ce"
      ],
      "name":[  
         "CONCOMBRE"
      ],
      "price":[  
         "0.99\u20ac"
      ],
      "id":"57352",
      "composition":[  
         "Composition : x 1"
      ],
      "desc":[  
         "Concombre pi\u00e8ce"
      ]
   },
   {  
      "pricePerUnit":[  
         "8.54\u20ac/kg"
      ],
      "name":[  
         "RIK & ROK"
      ],
      "price":[  
         "2.99\u20ac"
      ],
      "id":"57326",
      "composition":[  
         "Composition : 350 g"
      ],
      "desc":[  
         "Tomate cerise en grappe"
      ]
   },
   {  
      "pricePerUnit":[  
         "1.99\u20ac/pi\u00e8ce"
      ],
      "name":[  
         "CELERI"
      ],
      "price":[  
         "1.99\u20ac"
      ],
      "id":"57339",
      "composition":[  
         "Composition : x 1"
      ],
      "desc":[  
         "C\u00e9leri rave pi\u00e8ce"
      ]
   },
   {  
      "pricePerUnit":[  
         "2.98\u20ac/kg"
      ],
      "name":[  
         "AUCHAN"
      ],
      "price":[  
         "1.49\u20ac"
      ],
      "id":"61745",
      "composition":[  
         "Composition : 500 g"
      ],
      "desc":[  
         "Pois cass\u00e9"
      ]
   },
   {  
      "pricePerUnit":[  
         "2.20\u20ac/l"
      ],
      "name":[  
         "AUCHAN"
      ],
      "price":[  
         "1.10\u20ac"
      ],
      "id":"35353",
      "composition":[  
         "Composition : 500 ml"
      ],
      "desc":[  
         "Liquide vaisselle concentr\u00e9 \u00e9cologique"
      ]
   },
   {  
      "pricePerUnit":[  
         "3.53\u20ac/l"
      ],
      "name":[  
         "CREALINE"
      ],
      "price":[  
         "3.35\u20ac"
      ],
      "id":"87517",
      "composition":[  
         "Composition : 950 ml"
      ],
      "desc":[  
         "Velout\u00e9 de l\u00e9gumes du potager"
      ]
   },
   {  
      "pricePerUnit":[  
         "2.98\u20ac/l"
      ],
      "name":[  
         "AUCHAN"
      ],
      "price":[  
         "1.49\u20ac"
      ],
      "id":"35429",
      "composition":[  
         "Composition : 500 ml"
      ],
      "desc":[  
         "Nettoyant multi-surfaces \u00e9cologique"
      ]
   },
   {  
      "pricePerUnit":[  
         "4.39\u20ac/l"
      ],
      "name":[  
         "BRIOCHIN"
      ],
      "price":[  
         "4.39\u20ac"
      ],
      "id":"56252",
      "composition":[  
         "Composition : 1 l"
      ],
      "desc":[  
         "Savon noir liquide"
      ]
   },
   {  
      "pricePerUnit":[  
         "5.80\u20ac/kg"
      ],
      "name":[  
         "LEGUME SEC"
      ],
      "price":[  
         "2.90\u20ac"
      ],
      "id":"57836",
      "composition":[  
         "Composition : 500 g"
      ],
      "desc":[  
         "Lentilles du Canada"
      ]
   },
   {  
      "pricePerUnit":[  
         "1.13\u20ac/pi\u00e8ce"
      ],
      "name":[  
         "AUCHAN"
      ],
      "price":[  
         "2.26\u20ac"
      ],
      "id":"51372",
      "composition":[  
         "Composition : 2 pi\u00e8ces"
      ],
      "desc":[  
         "Essuie-tout blanc"
      ]
   },
   {  
      "pricePerUnit":[  
         "0.99\u20ac/l"
      ],
      "name":[  
         "AUCHAN"
      ],
      "price":[  
         "0.99\u20ac"
      ],
      "id":"45152",
      "composition":[  
         "Composition : 1 l"
      ],
      "desc":[  
         "Nettoyant \u00e9cologique thym"
      ]
   },
   {  
      "pricePerUnit":[  
         "2.92\u20ac/l"
      ],
      "name":[  
         "AUCHAN"
      ],
      "price":[  
         "2.19\u20ac"
      ],
      "id":"35670",
      "composition":[  
         "Composition : 750 ml"
      ],
      "desc":[  
         "Adoucissant \u00e9cologique pour le linge"
      ]
   },
   {  
      "pricePerUnit":[  
         "0.21\u20ac/pi\u00e8ce"
      ],
      "name":[  
         "RENOVA"
      ],
      "price":[  
         "2.50\u20ac"
      ],
      "id":"58713",
      "composition":[  
         "Composition : 12 pi\u00e8ces"
      ],
      "desc":[  
         "Papier toilette ecologique"
      ]
   },
   {  
      "pricePerUnit":[  
         "3.30\u20ac/l"
      ],
      "name":[  
         "AUCHAN"
      ],
      "price":[  
         "1.65\u20ac"
      ],
      "id":"52281",
      "composition":[  
         "Composition : 500 ml"
      ],
      "desc":[  
         "Nettoyant anticalcaire \u00e9cologique"
      ]
   },
   {  
      "pricePerUnit":[  
         "3.00\u20ac/l"
      ],
      "name":[  
         "AUCHAN"
      ],
      "price":[  
         "1.50\u20ac"
      ],
      "id":"35412",
      "composition":[  
         "Composition : 500 ml"
      ],
      "desc":[  
         "Nettoyant vitres \u00e9cologique en spray"
      ]
   },
   {  
      "pricePerUnit":[  
         "12.00\u20ac/kg"
      ],
      "name":[  
         "AUCHAN"
      ],
      "price":[  
         "4.20\u20ac"
      ],
      "id":"81816",
      "composition":[  
         "Composition : 350 g"
      ],
      "desc":[  
         "Haricots g\u00e9ants"
      ]
   },
   {  
      "pricePerUnit":[  
         "4.40\u20ac/l"
      ],
      "name":[  
         "L'ARBRE VERT"
      ],
      "price":[  
         "2.20\u20ac"
      ],
      "id":"35681",
      "composition":[  
         "Composition : 500 ml"
      ],
      "desc":[  
         "Liquide vaisselle hypoallerg\u00e9nique"
      ]
   },
   {  
      "pricePerUnit":[  
         "3.50\u20ac/l"
      ],
      "name":[  
         "AUCHAN"
      ],
      "price":[  
         "1.75\u20ac"
      ],
      "id":"52275",
      "composition":[  
         "Composition : 500 ml"
      ],
      "desc":[  
         "Liquide vaisselle concentr\u00e9e \u00e9cologique"
      ]
   },
   {  
      "pricePerUnit":[  
         "7.95\u20ac/kg"
      ],
      "name":[  
         "POIVRON"
      ],
      "price":[  
         "1.59\u20ac"
      ],
      "id":"82096",
      "composition":[  
         "Composition : 200 g"
      ],
      "desc":[  
         "Poivron doux orange"
      ]
   },
   {  
      "pricePerUnit":[  
         "0.80\u20ac/pi\u00e8ce"
      ],
      "name":[  
         "POIVRON"
      ],
      "price":[  
         "0.80\u20ac"
      ],
      "id":"81529",
      "composition":[  
         "Composition : x 1"
      ],
      "desc":[  
         "Poivron Vert"
      ]
   },
   {  
      "pricePerUnit":[  
         "0.80\u20ac/pi\u00e8ce"
      ],
      "name":[  
         "POIVRON"
      ],
      "price":[  
         "0.80\u20ac"
      ],
      "id":"81649",
      "composition":[  
         "Composition : x 1"
      ],
      "desc":[  
         "Poivron rouge"
      ]
   },
   {  
      "pricePerUnit":[  
         "4.28\u20ac/kg"
      ],
      "name":[  
         "POIVRON"
      ],
      "price":[  
         "2.14\u20ac"
      ],
      "id":"57332",
      "composition":[  
         "Composition : 500 g"
      ],
      "desc":[  
         "Poivron panach\u00e9"
      ]
   },
   {  
      "pricePerUnit":[  
         "1.49\u20ac/kg"
      ],
      "name":[  
         "COURGETTE"
      ],
      "price":[  
         "1.49\u20ac"
      ],
      "id":"57330",
      "composition":[  
         "Composition : 1 kg"
      ],
      "desc":[  
         "Courgette"
      ]
   },
   {  
      "pricePerUnit":[  
         "8.40\u20ac/kg"
      ],
      "name":[  
         "AUCHAN"
      ],
      "price":[  
         "1.68\u20ac"
      ],
      "id":"50791",
      "composition":[  
         "Composition : 200 g"
      ],
      "desc":[  
         "Salade pr\u00eate \u00e0 l'emploi"
      ]
   },
   {  
      "pricePerUnit":[  
         "11.00\u20ac/kg"
      ],
      "name":[  
         "AUCHAN"
      ],
      "price":[  
         "2.20\u20ac"
      ],
      "id":"13964",
      "composition":[  
         "Composition : 200 g"
      ],
      "desc":[  
         "Salade pr\u00eate \u00e0 l'emploi"
      ]
   },
   {  
      "pricePerUnit":[  
         "1.20\u20ac/pi\u00e8ce"
      ],
      "name":[  
         "SALADE"
      ],
      "price":[  
         "1.20\u20ac"
      ],
      "id":"57316",
      "composition":[  
         "Composition : x 1"
      ],
      "desc":[  
         "Feuille de ch\u00eane blonde pi\u00e8ce"
      ]
   },
   {  
      "pricePerUnit":[  
         "10.32\u20ac/kg"
      ],
      "name":[  
         "SALADE"
      ],
      "price":[  
         "1.29\u20ac"
      ],
      "id":"57320",
      "composition":[  
         "Composition : 125 g"
      ],
      "desc":[  
         "Pousses d'Epinards"
      ]
   },
   {  
      "pricePerUnit":[  
         "0.33\u20ac/pi\u00e8ce"
      ],
      "name":[  
         "SALADE"
      ],
      "price":[  
         "0.99\u20ac"
      ],
      "id":"57319",
      "composition":[  
         "Composition : x 3"
      ],
      "desc":[  
         "Coeur de Laitue"
      ]
   },
   {  
      "pricePerUnit":[  
         "0.69\u20ac/pi\u00e8ce"
      ],
      "name":[  
         "SALADE"
      ],
      "price":[  

      ],
      "id":"57315",
      "composition":[  
         "Composition : x 1"
      ],
      "desc":[  
         "Batavia pi\u00e8ce"
      ]
   },
   {  
      "pricePerUnit":[  
         "1.20\u20ac/pi\u00e8ce"
      ],
      "name":[  
         "SALADE"
      ],
      "price":[  
         "1.20\u20ac"
      ],
      "id":"57314",
      "composition":[  
         "Composition : x 1"
      ],
      "desc":[  
         "Laitue pi\u00e8ce"
      ]
   },
   {  
      "pricePerUnit":[  
         "46.67\u20ac/kg"
      ],
      "name":[  
         "HERBES AROMATIQUES"
      ],
      "price":[  
         "1.40\u20ac"
      ],
      "id":"81069",
      "composition":[  
         "Composition : 30 g"
      ],
      "desc":[  
         "Aneth fra\u00eeche en botte"
      ]
   },
   {  
      "pricePerUnit":[  
         "11.92\u20ac/kg"
      ],
      "name":[  
         "AUCHAN"
      ],
      "price":[  
         "1.49\u20ac"
      ],
      "id":"41437",
      "composition":[  
         "Composition : 125 g"
      ],
      "desc":[  
         "Salade pr\u00eate \u00e0 l'emploi"
      ]
   },
   {  
      "pricePerUnit":[  
         "0.99\u20ac/pi\u00e8ce"
      ],
      "name":[  
         "SALADE"
      ],
      "price":[  
         "0.99\u20ac"
      ],
      "id":"57852",
      "composition":[  
         "Composition : x 1"
      ],
      "desc":[  
         "Laitue Iceberg"
      ]
   },
   {  
      "pricePerUnit":[  
         "1.69\u20ac/pi\u00e8ce"
      ],
      "name":[  
         "HERBES AROMATIQUES"
      ],
      "price":[  
         "1.69\u20ac"
      ],
      "id":"80689",
      "composition":[  
         "Composition : x 1"
      ],
      "desc":[  
         "Aneth bio en pot"
      ]
   },
   {  
      "pricePerUnit":[  
         "1.69\u20ac/pi\u00e8ce"
      ],
      "name":[  
         "HERBES AROMATIQUES"
      ],
      "price":[  
         "1.69\u20ac"
      ],
      "id":"80686",
      "composition":[  
         "Composition : x 1"
      ],
      "desc":[  
         "Basilic bio en pot"
      ]
   },
   {  
      "pricePerUnit":[  
         "1.69\u20ac/pi\u00e8ce"
      ],
      "name":[  
         "HERBES AROMATIQUES"
      ],
      "price":[  
         "1.69\u20ac"
      ],
      "id":"80688",
      "composition":[  
         "Composition : x 1"
      ],
      "desc":[  
         "Ciboulette bio en pot"
      ]
   },
   {  
      "pricePerUnit":[  
         "11.37\u20ac/kg"
      ],
      "name":[  
         "FLORETTE"
      ],
      "price":[  
         "1.99\u20ac"
      ],
      "id":"58699",
      "composition":[  
         "Composition : 175 g"
      ],
      "desc":[  
         "Duo de pousses pr\u00eates \u00e0 l'emploi"
      ]
   },
   {  
      "pricePerUnit":[  
         "0.33\u20ac/pi\u00e8ce"
      ],
      "name":[  
         "ENDIVE"
      ],
      "price":[  
         "2.00\u20ac"
      ],
      "id":"61140",
      "composition":[  
         "Composition : x 6"
      ],
      "desc":[  
         "Endive speciale ap\u00e9ritif"
      ]
   },
   {  
      "pricePerUnit":[  
         "0.45\u20ac/pi\u00e8ce"
      ],
      "name":[  
         "ENDIVE"
      ],
      "price":[  
         "1.79\u20ac"
      ],
      "id":"59654",
      "composition":[  
         "Composition : x 4"
      ],
      "desc":[  
         "Endive sp\u00e9ciale salade"
      ]
   },
   {  
      "pricePerUnit":[  
         "2.49\u20ac/kg"
      ],
      "name":[  
         "ENDIVE"
      ],
      "price":[  
         "2.49\u20ac"
      ],
      "id":"57354",
      "composition":[  
         "Composition : 1 kg"
      ],
      "desc":[  
         "Endive"
      ]
   },
   {  
      "pricePerUnit":[  
         "0.25\u20ac/pi\u00e8ce"
      ],
      "name":[  
         "ENDIVE"
      ],
      "price":[  
         "1.00\u20ac"
      ],
      "id":"59651",
      "composition":[  
         "Composition : x 4"
      ],
      "desc":[  
         "Endive \u00e0 braiser"
      ]
   },
   {  
      "pricePerUnit":[  
         "6.84\u20ac/kg"
      ],
      "name":[  
         "AUCHAN"
      ],
      "price":[  
         "1.71\u20ac"
      ],
      "id":"50252",
      "composition":[  
         "Composition : 250 g"
      ],
      "desc":[  
         "Salade M\u00e9lang\u00e9e pr\u00eate \u00e0 l'emploi"
      ]
   },
   {  
      "pricePerUnit":[  
         "11.10\u20ac/kg"
      ],
      "name":[  
         "AUCHAN"
      ],
      "price":[  
         "2.22\u20ac"
      ],
      "id":"50133",
      "composition":[  
         "Composition : 200 g"
      ],
      "desc":[  
         "Salade pr\u00eate \u00e0 l'emploi"
      ]
   },
   {  
      "pricePerUnit":[  
         "12.50\u20ac/kg"
      ],
      "name":[  
         "AUCHAN"
      ],
      "price":[  
         "2.50\u20ac"
      ],
      "id":"80385",
      "composition":[  
         "Composition : 200 g"
      ],
      "desc":[  
         "Salade pr\u00eate \u00e0 l'emploi"
      ]
   },
   {  
      "pricePerUnit":[  
         "4.07\u20ac/kg"
      ],
      "name":[  
         "AUCHAN"
      ],
      "price":[  
         "1.83\u20ac"
      ],
      "id":"52247",
      "composition":[  
         "Composition : 450 g"
      ],
      "desc":[  
         "Salade pr\u00eate \u00e0 l'emploi"
      ]
   },
   {  
      "pricePerUnit":[  
         "7.75\u20ac/kg"
      ],
      "name":[  
         "AUCHAN"
      ],
      "price":[  
         "2.48\u20ac"
      ],
      "id":"50134",
      "composition":[  
         "Composition : 320 g"
      ],
      "desc":[  
         "Salade pr\u00eate \u00e0 l'emploi"
      ]
   },
   {  
      "pricePerUnit":[  
         "4.17\u20ac/kg"
      ],
      "name":[  
         "AUCHAN"
      ],
      "price":[  
         "1.25\u20ac"
      ],
      "id":"58707",
      "composition":[  
         "Composition : 300 g"
      ],
      "desc":[  
         "Salade pr\u00eate \u00e0 l'emploi"
      ]
   },
   {  
      "pricePerUnit":[  
         "13.44\u20ac/kg"
      ],
      "name":[  
         "AUCHAN"
      ],
      "price":[  
         "1.68\u20ac"
      ],
      "id":"42804",
      "composition":[  
         "Composition : 125 g"
      ],
      "desc":[  
         "Jeunes pousses m\u00e9lang\u00e9es pr\u00eate \u00e0 l'emploi"
      ]
   },
   {  
      "pricePerUnit":[  
         "1.00\u20ac/pi\u00e8ce"
      ],
      "name":[  
         "COURGETTE"
      ],
      "price":[  
         "1.00\u20ac"
      ],
      "id":"54264",
      "composition":[  
         "Composition : x 1"
      ],
      "desc":[  
         "Courgette ronde pi\u00e8ce"
      ]
   },
   {  
      "pricePerUnit":[  
         "5.00\u20ac/kg"
      ],
      "name":[  
         "TOMATE"
      ],
      "price":[  
         "2.50\u20ac"
      ],
      "id":"60935",
      "composition":[  
         "Composition : x 2, 500 g"
      ],
      "desc":[  
         "Coeur de Boeuf"
      ]
   },
   {  
      "pricePerUnit":[  
         "7.20\u20ac/kg"
      ],
      "name":[  
         "TOMATE"
      ],
      "price":[  
         "1.80\u20ac"
      ],
      "id":"57325",
      "composition":[  
         "Composition : 250 g"
      ],
      "desc":[  
         "Tomate cerise"
      ]
   },
   {  
      "pricePerUnit":[  
         "6.50\u20ac/kg"
      ],
      "name":[  
         "TOMATE"
      ],
      "price":[  
         "3.25\u20ac"
      ],
      "id":"130017",
      "composition":[  
         "Composition : 500 g"
      ],
      "desc":[  
         "Tomate de couleurs en barquette"
      ]
   },
   {  
      "pricePerUnit":[  
         "4.98\u20ac/kg"
      ],
      "name":[  
         "TOMATE"
      ],
      "price":[  
         "2.99\u20ac"
      ],
      "id":"102573",
      "composition":[  
         "Composition : x 6, 600 g"
      ],
      "desc":[  
         "Torino"
      ]
   },
   {  
      "pricePerUnit":[  
         "6.58\u20ac/kg"
      ],
      "name":[  
         "TOMATE"
      ],
      "price":[  
         "3.29\u20ac"
      ],
      "id":"82201",
      "composition":[  
         "Composition : 500 g"
      ],
      "desc":[  
         "Tomate Cerise"
      ]
   },
   {  
      "pricePerUnit":[  
         "5.96\u20ac/kg"
      ],
      "name":[  
         "TOMATE"
      ],
      "price":[  
         "1.49\u20ac"
      ],
      "id":"57848",
      "composition":[  
         "Composition : 250 g"
      ],
      "desc":[  
         "Tomate cerise allong\u00e9e"
      ]
   },
   {  
      "pricePerUnit":[  
         "1.00\u20ac/pi\u00e8ce"
      ],
      "name":[  
         "TOMATE"
      ],
      "price":[  
         "1.00\u20ac"
      ],
      "id":"58206",
      "composition":[  
         "Composition : 1 pi\u00e8ce"
      ],
      "desc":[  
         "Tomate \u00e0 farcir"
      ]
   },
   {  
      "pricePerUnit":[  
         "3.98\u20ac/kg"
      ],
      "name":[  
         "TOMATE"
      ],
      "price":[  
         "1.99\u20ac"
      ],
      "id":"80778",
      "composition":[  
         "Composition : 500 g"
      ],
      "desc":[  
         "Tomate Grappe"
      ]
   },
   {  
      "pricePerUnit":[  
         "2.50\u20ac/kg"
      ],
      "name":[  
         "TOMATE"
      ],
      "price":[  
         "2.50\u20ac"
      ],
      "id":"57324",
      "composition":[  
         "Composition : 1 kg"
      ],
      "desc":[  
         "Tomate grappe"
      ]
   },
   {  
      "pricePerUnit":[  
         "13.04\u20ac/kg"
      ],
      "name":[  
         "AUCHAN"
      ],
      "price":[  
         "1.63\u20ac"
      ],
      "id":"50251",
      "composition":[  
         "Composition : 125 g"
      ],
      "desc":[  
         "Salade pr\u00eate \u00e0 l'emploi"
      ]
   },
   {  
      "pricePerUnit":[  
         "0.39\u20ac/kg"
      ],
      "name":[  
         "OIGNON"
      ],
      "price":[  
         "3.90\u20ac"
      ],
      "id":"88595",
      "composition":[  
         "Composition : 10 kg"
      ],
      "desc":[  
         "Oignons"
      ]
   },
   {  
      "pricePerUnit":[  
         "1.25\u20ac/pi\u00e8ce"
      ],
      "name":[  
         "AVOCAT"
      ],
      "price":[  
         "2.50\u20ac"
      ],
      "id":"80518",
      "composition":[  
         "Composition : x 2"
      ],
      "desc":[  
         "Avocat barquette pr\u00eats \u00e0 d\u00e9guster"
      ]
   },
   {  
      "pricePerUnit":[  
         "0.78\u20ac/kg"
      ],
      "name":[  
         "OIGNON"
      ],
      "price":[  
         "3.90\u20ac"
      ],
      "id":"81824",
      "composition":[  
         "Composition : 5 kg"
      ],
      "desc":[  
         "Oignon"
      ]
   },
   {  
      "pricePerUnit":[  
         "2.35\u20ac/pi\u00e8ce"
      ],
      "name":[  
         "CELERI"
      ],
      "price":[  
         "2.35\u20ac"
      ],
      "id":"57338",
      "composition":[  
         "Composition : x 1"
      ],
      "desc":[  
         "C\u00e9leri branche botte"
      ]
   },
   {  
      "pricePerUnit":[  
         "6.40\u20ac/kg"
      ],
      "name":[  
         "OIGNON"
      ],
      "price":[  
         "3.20\u20ac"
      ],
      "id":"57307",
      "composition":[  
         "Composition : 500 g"
      ],
      "desc":[  
         "Oignon rouge"
      ]
   },
   {  
      "pricePerUnit":[  
         "2.49\u20ac/kg"
      ],
      "name":[  
         "OIGNON"
      ],
      "price":[  
         "2.49\u20ac"
      ],
      "id":"57304",
      "composition":[  
         "Composition : 1 kg"
      ],
      "desc":[  
         "Oignon filet"
      ]
   },
   {  
      "pricePerUnit":[  
         "1.65\u20ac/pi\u00e8ce"
      ],
      "name":[  
         "OIGNON"
      ],
      "price":[  
         "1.65\u20ac"
      ],
      "id":"57839",
      "composition":[  
         "Composition : 1 pi\u00e8ce"
      ],
      "desc":[  
         "Oignon botte"
      ]
   },
   {  
      "pricePerUnit":[  
         "4.80\u20ac/kg"
      ],
      "name":[  
         "OIGNON"
      ],
      "price":[  
         "2.40\u20ac"
      ],
      "id":"57306",
      "composition":[  
         "Composition : 500 g"
      ],
      "desc":[  
         "Oignon jaune"
      ]
   },
   {  
      "pricePerUnit":[  
         "8.08\u20ac/kg"
      ],
      "name":[  
         "ECHALOTE"
      ],
      "price":[  
         "2.02\u20ac"
      ],
      "id":"57303",
      "composition":[  
         "Composition : 250 g"
      ],
      "desc":[  
         "Echalote filet"
      ]
   },
   {  
      "pricePerUnit":[  
         "5.00\u20ac/kg"
      ],
      "name":[  
         "ECHALOTE"
      ],
      "price":[  
         "2.50\u20ac"
      ],
      "id":"80695",
      "composition":[  
         "Composition : 500 g"
      ],
      "desc":[  
         "Echalote"
      ]
   },
   {  
      "pricePerUnit":[  
         "2.00\u20ac/kg"
      ],
      "name":[  
         "POMME DE TERRE"
      ],
      "price":[  
         "1.00\u20ac"
      ],
      "id":"103918",
      "composition":[  
         "Composition : 500 g"
      ],
      "desc":[  
         "Pomme de terre micro ondable rouge"
      ]
   },
   {  
      "pricePerUnit":[  
         "0.80\u20ac/kg"
      ],
      "name":[  
         "POMME DE TERRE"
      ],
      "price":[  

      ],
      "id":"82646",
      "composition":[  
         "Composition : 2.5 kg"
      ],
      "desc":[  
         "Pomme de terre vari\u00e9t\u00e9 Amandine"
      ]
   },
   {  
      "pricePerUnit":[  
         "2.00\u20ac/kg"
      ],
      "name":[  
         "POMME DE TERRE"
      ],
      "price":[  
         "1.00\u20ac"
      ],
      "id":"57854",
      "composition":[  
         "Composition : 500 g"
      ],
      "desc":[  
         "Pomme de terre Micro ondable"
      ]
   },
   {  
      "pricePerUnit":[  
         "2.30\u20ac/pi\u00e8ce"
      ],
      "name":[  
         "CHOU"
      ],
      "price":[  
         "2.30\u20ac"
      ],
      "id":"40566",
      "composition":[  
         "Composition : x 1"
      ],
      "desc":[  
         "Chou sp\u00e9cial salade"
      ]
   },
   {  
      "pricePerUnit":[  
         "2.00\u20ac/kg"
      ],
      "name":[  
         "POMME DE TERRE"
      ],
      "price":[  
         "2.00\u20ac"
      ],
      "id":"82588",
      "composition":[  
         "Composition : 1 kg"
      ],
      "desc":[  
         "Pomme de terre vari\u00e9t\u00e9 Amandine"
      ]
   },
   {  
      "pricePerUnit":[  
         "3.50\u20ac/kg"
      ],
      "name":[  
         "NAVET"
      ],
      "price":[  
         "1.75\u20ac"
      ],
      "id":"57340",
      "composition":[  
         "Composition : 500 g"
      ],
      "desc":[  
         "Navet"
      ]
   },
   {  
      "pricePerUnit":[  
         "1.80\u20ac/pi\u00e8ce"
      ],
      "name":[  
         "CAROTTE"
      ],
      "price":[  
         "1.80\u20ac"
      ],
      "id":"57333",
      "composition":[  
         "Composition : x 1"
      ],
      "desc":[  
         "Carotte fane botte"
      ]
   },
   {  
      "pricePerUnit":[  
         "1.99\u20ac/pi\u00e8ce"
      ],
      "name":[  
         "ARTICHAUT"
      ],
      "price":[  
         "1.99\u20ac"
      ],
      "id":"57349",
      "composition":[  
         "Composition : x 1"
      ],
      "desc":[  
         "Artichaut pi\u00e8ce"
      ]
   },
   {  
      "pricePerUnit":[  
         "3.98\u20ac/kg"
      ],
      "name":[  
         "TOPINAMBOUR"
      ],
      "price":[  
         "1.99\u20ac"
      ],
      "id":"79662",
      "composition":[  
         "Composition : 500 g"
      ],
      "desc":[  
         "Topinambour"
      ]
   },
   {  
      "pricePerUnit":[  
         "2.80\u20ac/kg"
      ],
      "name":[  
         "POTIRON"
      ],
      "price":[  
         "2.10\u20ac"
      ],
      "id":"14932",
      "composition":[  
         "Composition : 750 g"
      ],
      "desc":[  
         "Potiron tranche"
      ]
   },
   {  
      "pricePerUnit":[  
         "2.49\u20ac/kg"
      ],
      "name":[  
         "POT AU FEU"
      ],
      "price":[  
         "2.49\u20ac"
      ],
      "id":"57336",
      "composition":[  
         "Composition : 1 kg"
      ],
      "desc":[  
         "Assortiment de l\u00e9gumes pour pot au feu"
      ]
   },
   {  
      "pricePerUnit":[  
         "0.66\u20ac/kg"
      ],
      "name":[  
         "POMME DE TERRE"
      ],
      "price":[  
         "6.60\u20ac"
      ],
      "id":"5770",
      "composition":[  
         "Composition : 10 kg"
      ],
      "desc":[  
         "Pomme de terre \u00e0 chair ferme"
      ]
   },
   {  
      "pricePerUnit":[  
         "1.60\u20ac/kg"
      ],
      "name":[  
         "POMME DE TERRE"
      ],
      "price":[  
         "3.99\u20ac"
      ],
      "id":"57310",
      "composition":[  
         "Composition : 2,5 kg"
      ],
      "desc":[  
         "Pomme de terre rouge"
      ]
   },
   {  
      "pricePerUnit":[  
         "1.60\u20ac/kg"
      ],
      "name":[  
         "POMME DE TERRE"
      ],
      "price":[  
         "3.99\u20ac"
      ],
      "id":"57309",
      "composition":[  
         "Composition : 2,5 kg"
      ],
      "desc":[  
         "Pomme de terre chair ferme"
      ]
   },
   {  
      "pricePerUnit":[  
         "4.98\u20ac/kg"
      ],
      "name":[  
         "POIREAU"
      ],
      "price":[  
         "2.49\u20ac"
      ],
      "id":"57341",
      "composition":[  
         "Composition : 500 g"
      ],
      "desc":[  
         "Blanc de Poireau"
      ]
   },
   {  
      "pricePerUnit":[  
         "5.29\u20ac/pi\u00e8ce"
      ],
      "name":[  
         "LEGUME"
      ],
      "price":[  
         "5.29\u20ac"
      ],
      "id":"59451",
      "composition":[  

      ],
      "desc":[  
         "Potiron"
      ]
   },
   {  
      "pricePerUnit":[  
         "2.32\u20ac/kg"
      ],
      "name":[  
         "POIREAU"
      ],
      "price":[  
         "2.32\u20ac"
      ],
      "id":"57337",
      "composition":[  
         "Composition : 1 kg"
      ],
      "desc":[  
         "Poireau botte"
      ]
   },
   {  
      "pricePerUnit":[  
         "1.29\u20ac/pi\u00e8ce"
      ],
      "name":[  
         "CHOU"
      ],
      "price":[  
         "1.29\u20ac"
      ],
      "id":"57346",
      "composition":[  
         "Composition : x 1"
      ],
      "desc":[  
         "Chou chinois pi\u00e8ce"
      ]
   },
   {  
      "pricePerUnit":[  
         "2.10\u20ac/pi\u00e8ce"
      ],
      "name":[  
         "CHOU"
      ],
      "price":[  
         "2.10\u20ac"
      ],
      "id":"57345",
      "composition":[  
         "Composition : x 1"
      ],
      "desc":[  
         "Chou vert pi\u00e8ce"
      ]
   },
   {  
      "pricePerUnit":[  
         "1.95\u20ac/pi\u00e8ce"
      ],
      "name":[  
         "CHOU"
      ],
      "price":[  
         "1.95\u20ac"
      ],
      "id":"57343",
      "composition":[  
         "Composition : x 1"
      ],
      "desc":[  
         "Chou blanc pi\u00e8ce"
      ]
   },
   {  
      "pricePerUnit":[  
         "1.99\u20ac/pi\u00e8ce"
      ],
      "name":[  
         "CHOU"
      ],
      "price":[  
         "1.99\u20ac"
      ],
      "id":"57342",
      "composition":[  
         "Composition : x 1"
      ],
      "desc":[  
         "Chou Fleur pi\u00e8ce"
      ]
   },
   {  
      "pricePerUnit":[  
         "1.99\u20ac/pi\u00e8ce"
      ],
      "name":[  
         "CHOU"
      ],
      "price":[  
         "1.99\u20ac"
      ],
      "id":"57344",
      "composition":[  
         "Composition : x 1"
      ],
      "desc":[  
         "Chou rouge pi\u00e8ce"
      ]
   },
   {  
      "pricePerUnit":[  
         "2.92\u20ac/kg"
      ],
      "name":[  
         "CHOU"
      ],
      "price":[  
         "2.19\u20ac"
      ],
      "id":"57348",
      "composition":[  
         "Composition : 750 g"
      ],
      "desc":[  
         "Chou de Bruxelles"
      ]
   },
   {  
      "pricePerUnit":[  
         "1.35\u20ac/kg"
      ],
      "name":[  
         "CAROTTE"
      ],
      "price":[  
         "1.35\u20ac"
      ],
      "id":"57335",
      "composition":[  
         "Composition : 1 kg"
      ],
      "desc":[  
         "Carotte"
      ]
   },
   {  
      "pricePerUnit":[  
         "11.25\u20ac/kg"
      ],
      "name":[  
         "ASPERGE"
      ],
      "price":[  
         "4.50\u20ac"
      ],
      "id":"82256",
      "composition":[  
         "Composition : 400 g"
      ],
      "desc":[  
         "Asperges vertes"
      ]
   },
   {  
      "pricePerUnit":[  
         "1.16\u20ac/kg"
      ],
      "name":[  
         "CAROTTE"
      ],
      "price":[  
         "3.49\u20ac"
      ],
      "id":"60044",
      "composition":[  
         "Composition : 3 kg"
      ],
      "desc":[  
         "Carottes"
      ]
   },
   {  
      "pricePerUnit":[  
         "0.91\u20ac/pi\u00e8ce"
      ],
      "name":[  
         "SOPALIN"
      ],
      "price":[  
         "2.72\u20ac"
      ],
      "id":"60221",
      "composition":[  
         "Composition : 3 pi\u00e8ces"
      ],
      "desc":[  
         "Essuie-tout d\u00e9cor\u00e9"
      ]
   },
   {  
      "pricePerUnit":[  
         "0.62\u20ac/pi\u00e8ce"
      ],
      "name":[  
         "RENOVA"
      ],
      "price":[  
         "2.46\u20ac"
      ],
      "id":"54053",
      "composition":[  
         "Composition : 4 pi\u00e8ces"
      ],
      "desc":[  
         "Essuie-tout"
      ]
   },
   {  
      "pricePerUnit":[  
         "2.49\u20ac/l"
      ],
      "name":[  
         "PERRIER"
      ],
      "price":[  
         "3.99\u20ac"
      ],
      "id":"100503",
      "composition":[  
         "Composition : 8 x 20 cl"
      ],
      "desc":[  
         "Eau min\u00e9rale naturelle gazeuse"
      ]
   },
   {  
      "pricePerUnit":[  
         "0.22\u20ac/pi\u00e8ce"
      ],
      "name":[  
         "AUCHAN"
      ],
      "price":[  
         "1.75\u20ac"
      ],
      "id":"7345",
      "composition":[  
         "Composition : 8 pi\u00e8ces"
      ],
      "desc":[  
         "Papier toilette feuilles double \u00e9paisseur"
      ]
   },
   {  
      "pricePerUnit":[  
         "1.45\u20ac/l"
      ],
      "name":[  
         "PERRIER"
      ],
      "price":[  
         "4.34\u20ac"
      ],
      "id":"52356",
      "composition":[  
         "Composition : 6 x 50 cl"
      ],
      "desc":[  
         "Eau min\u00e9rale naturelle gazeuse"
      ]
   },
   {  
      "pricePerUnit":[  
         "1.16\u20ac/l"
      ],
      "name":[  
         "PERRIER"
      ],
      "price":[  
         "1.16\u20ac"
      ],
      "id":"123094",
      "composition":[  
         "Composition : 1L"
      ],
      "desc":[  
         "Eau aromatis\u00e9e fruits rouges"
      ]
   },
   {  
      "pricePerUnit":[  
         "0.80\u20ac/kg"
      ],
      "name":[  
         "AUCHAN"
      ],
      "price":[  
         "3.19\u20ac"
      ],
      "id":"7882",
      "composition":[  
         "Composition : 4x1kg"
      ],
      "desc":[  
         "Sel r\u00e9g\u00e9n\u00e9rant lave-vaisselle"
      ]
   },
   {  
      "pricePerUnit":[  
         "1.04\u20ac/l"
      ],
      "name":[  
         "AUCHAN"
      ],
      "price":[  
         "3.12\u20ac"
      ],
      "id":"60783",
      "composition":[  
         "Composition : 50 cl"
      ],
      "desc":[  
         "Eau de source aromatis\u00e9e"
      ]
   },
   {  
      "pricePerUnit":[  
         "0.69\u20ac/l"
      ],
      "name":[  
         "AUCHAN"
      ],
      "price":[  
         "2.07\u20ac"
      ],
      "id":"54907",
      "composition":[  
         "Composition : 6 x 50 cl"
      ],
      "desc":[  
         "Eau min\u00e9rale naturelle gazeuse"
      ]
   },
   {  
      "pricePerUnit":[  
         "1.15\u20ac/l"
      ],
      "name":[  
         "VOLVIC"
      ],
      "price":[  
         "1.72\u20ac"
      ],
      "id":"124913",
      "composition":[  
         "Composition : 1.5 l"
      ],
      "desc":[  
         "Eau min\u00e9rale naturelle au Jus de p\u00eache"
      ]
   },
   {  
      "pricePerUnit":[  
         "9.26\u20ac/kg"
      ],
      "name":[  
         "AUCHAN"
      ],
      "price":[  
         "1.62\u20ac"
      ],
      "id":"56489",
      "composition":[  
         "Composition : 200 g"
      ],
      "desc":[  
         "Chips de banane"
      ]
   },
   {  
      "pricePerUnit":[  
         "10.86\u20ac/kg"
      ],
      "name":[  
         "SUN"
      ],
      "price":[  
         "19.99\u20ac"
      ],
      "id":"129980",
      "composition":[  
         "Composition : 102 doses"
      ],
      "desc":[  
         "Tablettes vaisselle sans pr\u00e9-rin\u00e7age Clean boost"
      ]
   },
   {  
      "pricePerUnit":[  
         "0.48\u20ac/l"
      ],
      "name":[  
         "AUCHAN"
      ],
      "price":[  
         "1.44\u20ac"
      ],
      "id":"107533",
      "composition":[  
         "Composition : 6 x 50 cl"
      ],
      "desc":[  
         "Eau min\u00e9rale naturelle"
      ]
   },
   {  
      "pricePerUnit":[  
         "2.99\u20ac/pi\u00e8ce"
      ],
      "name":[  
         "MELON"
      ],
      "price":[  
         "2.99\u20ac"
      ],
      "id":"81346",
      "composition":[  
         "Composition : x 1"
      ],
      "desc":[  
         "Melon vert"
      ]
   },
   {  
      "pricePerUnit":[  
         "0.17\u20ac/kg"
      ],
      "name":[  
         "SUN"
      ],
      "price":[  
         "10.21\u20ac"
      ],
      "id":"76949",
      "composition":[  
         "Composition : 60 pi\u00e8ces"
      ],
      "desc":[  
         "Tablettes vaisselle"
      ]
   },
   {  
      "pricePerUnit":[  
         "2.49\u20ac/pi\u00e8ce"
      ],
      "name":[  
         "POMELOS"
      ],
      "price":[  
         "2.49\u20ac"
      ],
      "id":"57849",
      "composition":[  
         "Composition : 1 pi\u00e8ce"
      ],
      "desc":[  
         "Pomelos g\u00e9ant"
      ]
   },
   {  
      "pricePerUnit":[  
         "16.00\u20ac/kg"
      ],
      "name":[  
         "MYRTILLE"
      ],
      "price":[  
         "2.00\u20ac"
      ],
      "id":"57285",
      "composition":[  
         "Composition : 125 g"
      ],
      "desc":[  
         "Myrtille"
      ]
   },
   {  
      "pricePerUnit":[  
         "1.59\u20ac/pi\u00e8ce"
      ],
      "name":[  
         "MANGUE"
      ],
      "price":[  
         "1.59\u20ac"
      ],
      "id":"57271",
      "composition":[  
         "Composition : x 1"
      ],
      "desc":[  
         "Mangue m\u00fbre \u00e0 point"
      ]
   },
   {  
      "pricePerUnit":[  
         "1.70\u20ac/pi\u00e8ce"
      ],
      "name":[  
         "NOIX DE COCO"
      ],
      "price":[  
         "1.70\u20ac"
      ],
      "id":"57270",
      "composition":[  
         "Composition : x 1"
      ],
      "desc":[  
         "Noix de coco"
      ]
   },
   {  
      "pricePerUnit":[  
         "0.25\u20ac/pi\u00e8ce"
      ],
      "name":[  
         "KIWI"
      ],
      "price":[  
         "0.25\u20ac"
      ],
      "id":"57879",
      "composition":[  
         "Composition : x 1"
      ],
      "desc":[  
         "Kiwi"
      ]
   },
   {  
      "pricePerUnit":[  
         "3.90\u20ac/pi\u00e8ce"
      ],
      "name":[  
         "ANANAS"
      ],
      "price":[  
         "3.90\u20ac"
      ],
      "id":"81892",
      "composition":[  
         "Composition : x 1"
      ],
      "desc":[  
         "Ananas Queen Victoria"
      ]
   },
   {  
      "pricePerUnit":[  
         "1.40\u20ac/pi\u00e8ce"
      ],
      "name":[  
         "GRENADE"
      ],
      "price":[  
         "1.40\u20ac"
      ],
      "id":"57881",
      "composition":[  
         "Composition : x 1"
      ],
      "desc":[  
         "Grenade"
      ]
   },
   {  
      "pricePerUnit":[  
         "4.00\u20ac/kg"
      ],
      "name":[  
         "KIWI"
      ],
      "price":[  
         "2.00\u20ac"
      ],
      "id":"57702",
      "composition":[  
         "Composition : 500 g"
      ],
      "desc":[  
         "Kiwis pr\u00eats \u00e0 d\u00e9guster"
      ]
   },
   {  
      "pricePerUnit":[  
         "2.99\u20ac/kg"
      ],
      "name":[  
         "KAKI"
      ],
      "price":[  
         "2.99\u20ac"
      ],
      "id":"82515",
      "composition":[  
         "Composition : 1 kg"
      ],
      "desc":[  
         "Kaki barquette"
      ]
   },
   {  
      "pricePerUnit":[  
         "0.63\u20ac/pi\u00e8ce"
      ],
      "name":[  
         "FRUIT DE LA PASSION"
      ],
      "price":[  
         "0.63\u20ac"
      ],
      "id":"57878",
      "composition":[  
         "Composition : x 1"
      ],
      "desc":[  
         "Fruit de la passion"
      ]
   },
   {  
      "pricePerUnit":[  
         "1.89\u20ac/kg"
      ],
      "name":[  
         "BANANE"
      ],
      "price":[  
         "1.89\u20ac"
      ],
      "id":"57999",
      "composition":[  
         "Composition : 1 kg"
      ],
      "desc":[  
         "Banane sachet"
      ]
   },
   {  
      "pricePerUnit":[  
         "3.12\u20ac/pi\u00e8ce"
      ],
      "name":[  
         "ANANAS"
      ],
      "price":[  
         "3.12\u20ac"
      ],
      "id":"57268",
      "composition":[  
         "Composition : x 1"
      ],
      "desc":[  
         "Ananas sweet"
      ]
   },
   {  
      "pricePerUnit":[  
         "0.74\u20ac/pi\u00e8ce"
      ],
      "name":[  
         "POMME"
      ],
      "price":[  
         "0.74\u20ac"
      ],
      "id":"120693",
      "composition":[  
         "Composition : x 1"
      ],
      "desc":[  
         "Pomme Jazz"
      ]
   },
   {  
      "pricePerUnit":[  
         "4.29\u20ac/pi\u00e8ce"
      ],
      "name":[  
         "ANANAS"
      ],
      "price":[  
         "4.29\u20ac"
      ],
      "id":"90289",
      "composition":[  
         "Composition : x 1"
      ],
      "desc":[  
         "Ananas Pain de sucre"
      ]
   },
   {  
      "pricePerUnit":[  
         "0.54\u20ac/pi\u00e8ce"
      ],
      "name":[  
         "POMME"
      ],
      "price":[  
         "0.54\u20ac"
      ],
      "id":"80698",
      "composition":[  
         "Composition : x 1"
      ],
      "desc":[  
         "Pomme Royal Gala"
      ]
   },
   {  
      "pricePerUnit":[  
         "0.54\u20ac/pi\u00e8ce"
      ],
      "name":[  
         "POMME"
      ],
      "price":[  
         "0.54\u20ac"
      ],
      "id":"82207",
      "composition":[  
         "Composition : x 1"
      ],
      "desc":[  
         "Pomme Golden"
      ]
   },
   {  
      "pricePerUnit":[  
         "3.05\u20ac/kg"
      ],
      "name":[  
         "POMME"
      ],
      "price":[  
         "2.29\u20ac"
      ],
      "id":"124569",
      "composition":[  
         "Composition : x 4"
      ],
      "desc":[  
         "Pomme Golden AOP du Limousin Premium"
      ]
   },
   {  
      "pricePerUnit":[  
         "1.58\u20ac/kg"
      ],
      "name":[  
         "POMME"
      ],
      "price":[  
         "3.15\u20ac"
      ],
      "id":"81445",
      "composition":[  
         "Composition : 3 kg"
      ],
      "desc":[  
         "Pomme Golden"
      ]
   },
   {  
      "pricePerUnit":[  
         "0.75\u20ac/pi\u00e8ce"
      ],
      "name":[  
         "POMME"
      ],
      "price":[  
         "0.75\u20ac"
      ],
      "id":"82433",
      "composition":[  
         "Composition : x 1"
      ],
      "desc":[  
         "Pomme Pink lady"
      ]
   },
   {  
      "pricePerUnit":[  
         "2.99\u20ac/kg"
      ],
      "name":[  
         "POMME"
      ],
      "price":[  
         "2.99\u20ac"
      ],
      "id":"14110",
      "composition":[  
         "Composition : 1 kg"
      ],
      "desc":[  
         "Pomme Reine des Reinettes"
      ]
   },
   {  
      "pricePerUnit":[  
         "2.75\u20ac/kg"
      ],
      "name":[  
         "POMME"
      ],
      "price":[  
         "2.75\u20ac"
      ],
      "id":"81776",
      "composition":[  
         "Composition : 1 kg"
      ],
      "desc":[  
         "Pomme Golden"
      ]
   },
   {  
      "pricePerUnit":[  
         "2.99\u20ac/kg"
      ],
      "name":[  
         "POMME"
      ],
      "price":[  
         "2.99\u20ac"
      ],
      "id":"57262",
      "composition":[  
         "Composition : 1 kg"
      ],
      "desc":[  
         "Pomme Royal Gala"
      ]
   },
   {  
      "pricePerUnit":[  
         "4.30\u20ac/kg"
      ],
      "name":[  
         "POMME"
      ],
      "price":[  
         "4.30\u20ac"
      ],
      "id":"4427",
      "composition":[  
         "Composition : 1 kg"
      ],
      "desc":[  
         "Pomme Varit\u00e9 Pink Lady"
      ]
   },
   {  
      "pricePerUnit":[  
         "1.83\u20ac/kg"
      ],
      "name":[  
         "POMME"
      ],
      "price":[  
         "5.50\u20ac"
      ],
      "id":"4370",
      "composition":[  
         "Composition : 3 kg"
      ],
      "desc":[  
         "Pomme Royal Gala"
      ]
   },
   {  
      "pricePerUnit":[  
         "2.49\u20ac/kg"
      ],
      "name":[  
         "POIRE"
      ],
      "price":[  
         "2.49\u20ac"
      ],
      "id":"60049",
      "composition":[  
         "Composition : 1 kg"
      ],
      "desc":[  
         "Poire vari\u00e9t\u00e9 Conf\u00e9rence"
      ]
   },
   {  
      "pricePerUnit":[  
         "6.13\u20ac/kg"
      ],
      "name":[  
         "RAISIN"
      ],
      "price":[  
         "4.60\u20ac"
      ],
      "id":"19276",
      "composition":[  
         "Composition : 750 g"
      ],
      "desc":[  
         "Raisin noir Muscat"
      ]
   },
   {  
      "pricePerUnit":[  
         "1.88\u20ac/kg"
      ],
      "name":[  
         "PRUNE"
      ],
      "price":[  
         "3.75\u20ac"
      ],
      "id":"81400",
      "composition":[  
         "Composition : 2 kg"
      ],
      "desc":[  
         "Prune rouge"
      ]
   },
   {  
      "pricePerUnit":[  
         "4.67\u20ac/kg"
      ],
      "name":[  
         "RAISIN"
      ],
      "price":[  
         "3.50\u20ac"
      ],
      "id":"116214",
      "composition":[  
         "Composition : 500 g"
      ],
      "desc":[  
         "Raisin noir en barquette"
      ]
   },
   {  
      "pricePerUnit":[  
         "5.00\u20ac/kg"
      ],
      "name":[  
         "RAISIN"
      ],
      "price":[  
         "2.50\u20ac"
      ],
      "id":"57299",
      "composition":[  
         "Composition : 500 g"
      ],
      "desc":[  
         "Raisin blanc sans p\u00e9pin"
      ]
   },
   {  
      "pricePerUnit":[  
         "3.84\u20ac/kg"
      ],
      "name":[  
         "POIRE"
      ],
      "price":[  
         "2.69\u20ac"
      ],
      "id":"57267",
      "composition":[  
         "Composition : 700 g"
      ],
      "desc":[  
         "Poire pr\u00eate \u00e0 d\u00e9guster vari\u00e9t\u00e9 William"
      ]
   },
   {  
      "pricePerUnit":[  
         "4.67\u20ac/kg"
      ],
      "name":[  
         "RAISIN"
      ],
      "price":[  
         "3.50\u20ac"
      ],
      "id":"13825",
      "composition":[  
         "Composition : 750 g"
      ],
      "desc":[  
         "Raisins blancs Chasselas Moissac AOC"
      ]
   },
   {  
      "pricePerUnit":[  
         "3.49\u20ac/pi\u00e8ce"
      ],
      "name":[  
         "PASTEQUE"
      ],
      "price":[  
         "3.49\u20ac"
      ],
      "id":"80989",
      "composition":[  
         "Composition : x 1"
      ],
      "desc":[  
         "Past\u00e8que sans p\u00e9pins"
      ]
   },
   {  
      "pricePerUnit":[  
         "1.65\u20ac/kg"
      ],
      "name":[  
         "RIK & ROK"
      ],
      "price":[  
         "3.30\u20ac"
      ],
      "id":"58593",
      "composition":[  
         "Composition : x 1"
      ],
      "desc":[  
         "Mini past\u00e8que sans p\u00e9pins"
      ]
   },
   {  
      "pricePerUnit":[  
         "5.78\u20ac/kg"
      ],
      "name":[  
         "CITRON"
      ],
      "price":[  
         "2.89\u20ac"
      ],
      "id":"57280",
      "composition":[  
         "Composition : 500 g"
      ],
      "desc":[  
         "Citron vert"
      ]
   },
   {  
      "pricePerUnit":[  
         "0.89\u20ac/pi\u00e8ce"
      ],
      "name":[  
         "POMELOS"
      ],
      "price":[  
         "0.89\u20ac"
      ],
      "id":"57276",
      "composition":[  
         "Composition : x 1"
      ],
      "desc":[  
         "Pomelos rose"
      ]
   },
   {  
      "pricePerUnit":[  
         "1.33\u20ac/kg"
      ],
      "name":[  
         "ORANGE"
      ],
      "price":[  

      ],
      "id":"58001",
      "composition":[  
         "Composition : 3 kg"
      ],
      "desc":[  
         "Orange \u00e0 jus"
      ]
   },
   {  
      "pricePerUnit":[  
         "2.25\u20ac/kg"
      ],
      "name":[  
         "POMELOS"
      ],
      "price":[  
         "4.50\u20ac"
      ],
      "id":"54315",
      "composition":[  
         "Composition : 2 kg"
      ],
      "desc":[  
         "Pomelos \u00e0 jus filet"
      ]
   },
   {  
      "pricePerUnit":[  
         "2.00\u20ac/kg"
      ],
      "name":[  
         "ORANGE"
      ],
      "price":[  
         "3.99\u20ac"
      ],
      "id":"57275",
      "composition":[  
         "Composition : 2 kg"
      ],
      "desc":[  
         "Orange \u00e0 d\u00e9guster"
      ]
   },
   {  
      "pricePerUnit":[  
         "2.19\u20ac/kg"
      ],
      "name":[  
         "CITRON"
      ],
      "price":[  
         "2.19\u20ac"
      ],
      "id":"57278",
      "composition":[  
         "Composition : 1 kg"
      ],
      "desc":[  
         "Citron \u00e0 jus"
      ]
   },
   {  
      "pricePerUnit":[  
         "0.50\u20ac/pi\u00e8ce"
      ],
      "name":[  
         "CITRON"
      ],
      "price":[  
         "0.50\u20ac"
      ],
      "id":"57850",
      "composition":[  
         "Composition : x 1"
      ],
      "desc":[  
         "Citron jaune"
      ]
   },
   {  
      "pricePerUnit":[  
         "19.92\u20ac/kg"
      ],
      "name":[  
         "FRAMBOISE"
      ],
      "price":[  
         "2.49\u20ac"
      ],
      "id":"57281",
      "composition":[  
         "Composition : 125 g"
      ],
      "desc":[  
         "Framboise"
      ]
   },
   {  
      "pricePerUnit":[  
         "0.60\u20ac/l"
      ],
      "name":[  
         "VITTEL"
      ],
      "price":[  
         "2.72\u20ac"
      ],
      "id":"4641",
      "composition":[  
         "Composition : 6x75cl"
      ],
      "desc":[  
         "Eau min\u00e9rale naturelle avec bouchon sport"
      ]
   },
   {  
      "pricePerUnit":[  
         "0.39\u20ac/l"
      ],
      "name":[  
         "VOLVIC"
      ],
      "price":[  
         "3.49\u20ac"
      ],
      "id":"4604",
      "composition":[  
         "Composition : 6 x 1,5 l"
      ],
      "desc":[  
         "Eau min\u00e9rale naturelle"
      ]
   },
   {  
      "pricePerUnit":[  
         "0.95\u20ac/l"
      ],
      "name":[  
         "VOLVIC"
      ],
      "price":[  
         "2.84\u20ac"
      ],
      "id":"100254",
      "composition":[  
         "Composition : 6 x 50 cl"
      ],
      "desc":[  
         "Eau min\u00e9rale naturelle"
      ]
   },
   {  
      "pricePerUnit":[  
         "0.33\u20ac/l"
      ],
      "name":[  
         "VOLVIC"
      ],
      "price":[  
         "2.63\u20ac"
      ],
      "id":"16124",
      "composition":[  
         "Composition : 8 l"
      ],
      "desc":[  
         "Eau minerale naturelle"
      ]
   },
   {  
      "pricePerUnit":[  
         "0.50\u20ac/l"
      ],
      "name":[  
         "VITTEL"
      ],
      "price":[  
         "3.00\u20ac"
      ],
      "id":"43936",
      "composition":[  
         "Composition : 6 x 1 l"
      ],
      "desc":[  
         "Eau minerale naturelle"
      ]
   },
   {  
      "pricePerUnit":[  
         "0.82\u20ac/l"
      ],
      "name":[  
         "VITTEL"
      ],
      "price":[  
         "2.45\u20ac"
      ],
      "id":"100189",
      "composition":[  
         "Composition : 6 x 50 cl"
      ],
      "desc":[  
         "Eau minerale naturelle"
      ]
   },
   {  
      "pricePerUnit":[  
         "0.34\u20ac/l"
      ],
      "name":[  
         "VITTEL"
      ],
      "price":[  
         "3.06\u20ac"
      ],
      "id":"4601",
      "composition":[  
         "Composition : 6 x 1,5 l"
      ],
      "desc":[  
         "Eau min\u00e9rale naturelle"
      ]
   },
   {  
      "pricePerUnit":[  
         "1.16\u20ac/l"
      ],
      "name":[  
         "VOLVIC"
      ],
      "price":[  
         "2.29\u20ac"
      ],
      "id":"124917",
      "composition":[  
         "Composition : 6x33cl"
      ],
      "desc":[  
         "Volvic P'tit Eau min\u00e9rale naturelle"
      ]
   },
   {  
      "pricePerUnit":[  
         "0.61\u20ac/l"
      ],
      "name":[  
         "RIK & ROK"
      ],
      "price":[  
         "2.42\u20ac"
      ],
      "id":"58458",
      "composition":[  
         "Composition : 12 x 33 cl"
      ],
      "desc":[  
         "Eau de source"
      ]
   },
   {  
      "pricePerUnit":[  
         "0.77\u20ac/l"
      ],
      "name":[  
         "NESTLE"
      ],
      "price":[  
         "3.04\u20ac"
      ],
      "id":"22449",
      "composition":[  
         "Composition : 12 x 33 cl"
      ],
      "desc":[  
         "Eau de source Pure Life"
      ]
   },
   {  
      "pricePerUnit":[  
         "1.42\u20ac/l"
      ],
      "name":[  
         "HEPAR"
      ],
      "price":[  
         "3.75\u20ac"
      ],
      "id":"46864",
      "composition":[  
         "Composition : 8 x 33 cl"
      ],
      "desc":[  
         "Eau min\u00e9rale naturelle"
      ]
   },
   {  
      "pricePerUnit":[  
         "0.61\u20ac/l"
      ],
      "name":[  
         "HEPAR"
      ],
      "price":[  
         "3.64\u20ac"
      ],
      "id":"4605",
      "composition":[  
         "Composition : 6 x 1 l"
      ],
      "desc":[  
         "Eau min\u00e9rale naturelle"
      ]
   },
   {  
      "pricePerUnit":[  
         "0.37\u20ac/l"
      ],
      "name":[  
         "CRISTALINE"
      ],
      "price":[  
         "1.10\u20ac"
      ],
      "id":"73935",
      "composition":[  
         "Composition : 6 x 50 cl"
      ],
      "desc":[  
         "Eau de source"
      ]
   },
   {  
      "pricePerUnit":[  
         "0.14\u20ac/l"
      ],
      "name":[  
         "CRISTALINE"
      ],
      "price":[  
         "1.26\u20ac"
      ],
      "id":"4607",
      "composition":[  
         "Composition : 6 x 1,5 l"
      ],
      "desc":[  
         "Eau de source"
      ]
   },
   {  
      "pricePerUnit":[  
         "0.36\u20ac/l"
      ],
      "name":[  
         "COURMAYEUR"
      ],
      "price":[  
         "3.24\u20ac"
      ],
      "id":"4597",
      "composition":[  
         "Composition : 6 x 1,5 l"
      ],
      "desc":[  
         "Eau min\u00e9rale naturelle"
      ]
   },
   {  
      "pricePerUnit":[  
         "0.39\u20ac/l"
      ],
      "name":[  
         "CONTREX"
      ],
      "price":[  
         "3.49\u20ac"
      ],
      "id":"4561",
      "composition":[  
         "Composition : 6 x 1,5 l"
      ],
      "desc":[  
         "Eau min\u00e9rale naturelle"
      ]
   },
   {  
      "pricePerUnit":[  
         "0.38\u20ac/l"
      ],
      "name":[  
         "CONTREX"
      ],
      "price":[  
         "2.28\u20ac"
      ],
      "id":"4598",
      "composition":[  
         "Composition : 6 x 1 L"
      ],
      "desc":[  
         "Eau min\u00e9rale naturelle"
      ]
   },
   {  
      "pricePerUnit":[  
         "0.94\u20ac/l"
      ],
      "name":[  
         "CONTREX"
      ],
      "price":[  
         "2.81\u20ac"
      ],
      "id":"1766",
      "composition":[  
         "Composition : 6 x 50 cl"
      ],
      "desc":[  
         "Eau min\u00e9rale naturelle"
      ]
   },
   {  
      "pricePerUnit":[  
         "0.21\u20ac/l"
      ],
      "name":[  
         "AUCHAN"
      ],
      "price":[  
         "1.90\u20ac"
      ],
      "id":"117797",
      "composition":[  
         "Composition : 6 x 1.5 l"
      ],
      "desc":[  
         "Eau de source"
      ]
   },
   {  
      "pricePerUnit":[  
         "0.22\u20ac/l"
      ],
      "name":[  
         "AUCHAN"
      ],
      "price":[  
         "1.09\u20ac"
      ],
      "id":"116937",
      "composition":[  
         "Composition : 5 l"
      ],
      "desc":[  
         "Eau de source des Pyr\u00e9n\u00e9es"
      ]
   },
   {  
      "pricePerUnit":[  
         "6.00\u20ac/kg"
      ],
      "name":[  
         "NOISETTE"
      ],
      "price":[  
         "3.00\u20ac"
      ],
      "id":"82081",
      "composition":[  
         "Composition : 500 g"
      ],
      "desc":[  
         "Noisette filet"
      ]
   },
   {  
      "pricePerUnit":[  
         "22.32\u20ac/kg"
      ],
      "name":[  
         "SEEBERGER"
      ],
      "price":[  
         "2.79\u20ac"
      ],
      "id":"104700",
      "composition":[  
         "Composition : 125 g"
      ],
      "desc":[  
         "Cranberries"
      ]
   },
   {  
      "pricePerUnit":[  
         "8.70\u20ac/kg"
      ],
      "name":[  
         "NOIX"
      ],
      "price":[  
         "8.70\u20ac"
      ],
      "id":"93262",
      "composition":[  
         "Composition : 1 kg"
      ],
      "desc":[  
         "Noix s\u00e8che"
      ]
   },
   {  
      "pricePerUnit":[  
         "11.46\u20ac/kg"
      ],
      "name":[  
         "DOLE"
      ],
      "price":[  
         "2.27\u20ac"
      ],
      "id":"44698",
      "composition":[  
         "Composition : 198 g"
      ],
      "desc":[  
         "Coupelle d'ananas chunk au jus"
      ]
   },
   {  
      "pricePerUnit":[  
         "19.12\u20ac/kg"
      ],
      "name":[  
         "AUCHAN"
      ],
      "price":[  
         "2.39\u20ac"
      ],
      "id":"82604",
      "composition":[  
         "Composition : 125 g"
      ],
      "desc":[  
         "Amandes en poudre"
      ]
   },
   {  
      "pricePerUnit":[  
         "0.27\u20ac/pi\u00e8ce"
      ],
      "name":[  
         "SUN"
      ],
      "price":[  
         "10.72\u20ac"
      ],
      "id":"124362",
      "composition":[  
         "Composition : x40"
      ],
      "desc":[  
         "Tablettes vaisselle"
      ]
   },
   {  
      "pricePerUnit":[  
         "0.25\u20ac/pi\u00e8ce"
      ],
      "name":[  
         "SUN"
      ],
      "price":[  
         "9.86\u20ac"
      ],
      "id":"124360",
      "composition":[  
         "Composition : x40"
      ],
      "desc":[  
         "Tablettes vaisselle ultra d\u00e9graissant"
      ]
   },
   {  
      "pricePerUnit":[  
         "0.29\u20ac/pi\u00e8ce"
      ],
      "name":[  
         "SUN"
      ],
      "price":[  
         "10.95\u20ac"
      ],
      "id":"124359",
      "composition":[  
         "Composition : x38"
      ],
      "desc":[  
         "Tablettes vaisselle sans pr\u00e9-rin\u00e7age"
      ]
   },
   {  
      "pricePerUnit":[  
         "0.24\u20ac/pi\u00e8ce"
      ],
      "name":[  
         "SUN"
      ],
      "price":[  
         "7.28\u20ac"
      ],
      "id":"28076",
      "composition":[  
         "Composition : 30 pi\u00e8ces"
      ],
      "desc":[  
         "Tablettes vaisselle hydrofilm citron"
      ]
   },
   {  
      "pricePerUnit":[  
         "0.20\u20ac/pi\u00e8ce"
      ],
      "name":[  
         "SUN"
      ],
      "price":[  
         "7.94\u20ac"
      ],
      "id":"5303",
      "composition":[  
         "Composition : 40 pi\u00e8ces"
      ],
      "desc":[  
         "Tablettes vaisselle"
      ]
   },
   {  
      "pricePerUnit":[  
         "0.24\u20ac/pi\u00e8ce"
      ],
      "name":[  
         "SUN"
      ],
      "price":[  
         "10.73\u20ac"
      ],
      "id":"59938",
      "composition":[  
         "Composition : 45 pi\u00e8ces"
      ],
      "desc":[  
         "Tablettes vaisselle sans pr\u00e9-rin\u00e7age Clean boost"
      ]
   },
   {  
      "pricePerUnit":[  
         "0.20\u20ac/pi\u00e8ce"
      ],
      "name":[  
         "SUN"
      ],
      "price":[  
         "10.99\u20ac"
      ],
      "id":"60295",
      "composition":[  
         "Composition : 56 pi\u00e8ces"
      ],
      "desc":[  
         "Tablettes vaisselle sans pr\u00e9-rin\u00e7age Clean boost"
      ]
   },
   {  
      "pricePerUnit":[  
         "0.25\u20ac/pi\u00e8ce"
      ],
      "name":[  
         "SUN"
      ],
      "price":[  
         "7.43\u20ac"
      ],
      "id":"5258",
      "composition":[  
         "Composition : 30 pi\u00e8ces"
      ],
      "desc":[  
         "Tablettes vaisselle sans pr\u00e9-rin\u00e7age"
      ]
   },
   {  
      "pricePerUnit":[  
         "4.29\u20ac/l"
      ],
      "name":[  
         "SUN"
      ],
      "price":[  
         "6.43\u20ac"
      ],
      "id":"100943",
      "composition":[  
         "Composition : 1,5 l"
      ],
      "desc":[  
         "Gel de lavage"
      ]
   },
   {  
      "pricePerUnit":[  
         "3.72\u20ac/pi\u00e8ce"
      ],
      "name":[  
         "SUN"
      ],
      "price":[  
         "3.72\u20ac"
      ],
      "id":"25542",
      "composition":[  
         "Composition : 1 pi\u00e8ce"
      ],
      "desc":[  
         "Neutraliseur d'odeur lave-vaisselle"
      ]
   },
   {  
      "pricePerUnit":[  
         "3.51\u20ac/kg"
      ],
      "name":[  
         "SUN"
      ],
      "price":[  
         "10.53\u20ac"
      ],
      "id":"100386",
      "composition":[  
         "Composition : 3 kg"
      ],
      "desc":[  
         "Poudre de lavage"
      ]
   },
   {  
      "pricePerUnit":[  
         "0.99\u20ac/kg"
      ],
      "name":[  
         "SUN"
      ],
      "price":[  
         "3.94\u20ac"
      ],
      "id":"1712",
      "composition":[  
         "Composition : 4 kg"
      ],
      "desc":[  
         "Sel r\u00e9g\u00e9n\u00e9rant"
      ]
   },
   {  
      "pricePerUnit":[  
         "8.58\u20ac/l"
      ],
      "name":[  
         "SUN"
      ],
      "price":[  
         "4.29\u20ac"
      ],
      "id":"100843",
      "composition":[  
         "Composition : 500 ml"
      ],
      "desc":[  
         "Liquide de rin\u00e7age"
      ]
   },
   {  
      "pricePerUnit":[  
         "0.30\u20ac/pi\u00e8ce"
      ],
      "name":[  
         "FINISH"
      ],
      "price":[  
         "13.41\u20ac"
      ],
      "id":"111377",
      "composition":[  
         "Composition : x45"
      ],
      "desc":[  
         "tablette Power Gel Quantum Regular"
      ]
   },
   {  
      "pricePerUnit":[  
         "11.77\u20ac/l"
      ],
      "name":[  
         "FINISH"
      ],
      "price":[  
         "10.59\u20ac"
      ],
      "id":"125485",
      "composition":[  
         "Composition : 900 ml"
      ],
      "desc":[  
         "Gel Quantum"
      ]
   },
   {  
      "pricePerUnit":[  
         "0.17\u20ac/pi\u00e8ce"
      ],
      "name":[  
         "FINISH"
      ],
      "price":[  
         "6.71\u20ac"
      ],
      "id":"20438",
      "composition":[  
         "Composition : 40 pi\u00e8ces"
      ],
      "desc":[  
         "Tablettes vaisselle Powerball"
      ]
   },
   {  
      "pricePerUnit":[  
         "0.23\u20ac/pi\u00e8ce"
      ],
      "name":[  
         "FINISH"
      ],
      "price":[  
         "9.50\u20ac"
      ],
      "id":"124351",
      "composition":[  
         "Composition : x42"
      ],
      "desc":[  
         "Tablette vaisselle Power Pure"
      ]
   },
   {  
      "pricePerUnit":[  
         "17.16\u20ac/l"
      ],
      "name":[  
         "FINISH"
      ],
      "price":[  
         "4.29\u20ac"
      ],
      "id":"2897",
      "composition":[  
         "Composition : 250 ml"
      ],
      "desc":[  
         "Nettoyant lave-vaisselle"
      ]
   },
   {  
      "pricePerUnit":[  
         "7.90\u20ac/l"
      ],
      "name":[  
         "FINISH"
      ],
      "price":[  
         "6.32\u20ac"
      ],
      "id":"60639",
      "composition":[  
         "Composition : 800 ml"
      ],
      "desc":[  
         "Liquide de rin\u00e7age et s\u00e9chage"
      ]
   },
   {  
      "pricePerUnit":[  
         "0.09\u20ac/pi\u00e8ce"
      ],
      "name":[  
         "AUCHAN"
      ],
      "price":[  
         "3.99\u20ac"
      ],
      "id":"10454",
      "composition":[  
         "Composition : 45 pi\u00e8ces"
      ],
      "desc":[  
         "Tablettes vaisselle"
      ]
   },
   {  
      "pricePerUnit":[  
         "2.90\u20ac/l"
      ],
      "name":[  
         "AUCHAN"
      ],
      "price":[  
         "4.35\u20ac"
      ],
      "id":"26857",
      "composition":[  
         "Composition : 1,5 l"
      ],
      "desc":[  
         "Gel de lavage lave-vaisselle"
      ]
   },
   {  
      "pricePerUnit":[  
         "1.64\u20ac/kg"
      ],
      "name":[  
         "FINISH"
      ],
      "price":[  
         "3.27\u20ac"
      ],
      "id":"60294",
      "composition":[  
         "Composition : 2 kg"
      ],
      "desc":[  
         "Sel r\u00e9g\u00e9n\u00e9rant en cristaux"
      ]
   },
   {  
      "pricePerUnit":[  
         "1.31\u20ac/l"
      ],
      "name":[  
         "VOLVIC"
      ],
      "price":[  
         "3.92\u20ac"
      ],
      "id":"46305",
      "composition":[  
         "Composition : 6 x 50 cl"
      ],
      "desc":[  
         "Eau min\u00e9rale naturelle aromatis\u00e9e"
      ]
   },
   {  
      "pricePerUnit":[  
         "2.66\u20ac/l"
      ],
      "name":[  
         "AUCHAN"
      ],
      "price":[  
         "1.33\u20ac"
      ],
      "id":"109404",
      "composition":[  
         "Composition : 500 ml"
      ],
      "desc":[  
         "Liquide de rin\u00e7age lave-vaisselle"
      ]
   },
   {  
      "pricePerUnit":[  
         "1.15\u20ac/l"
      ],
      "name":[  
         "VOLVIC"
      ],
      "price":[  
         "1.72\u20ac"
      ],
      "id":"124916",
      "composition":[  
         "Composition : 1.5 l"
      ],
      "desc":[  
         "Eau min\u00e9rale naturelle au Jus de citron"
      ]
   },
   {  
      "pricePerUnit":[  
         "0.91\u20ac/l"
      ],
      "name":[  
         "VOLVIC"
      ],
      "price":[  
         "1.36\u20ac"
      ],
      "id":"45136",
      "composition":[  
         "Composition : 1,5 l"
      ],
      "desc":[  
         "Eau min\u00e9rale naturelle aromatis\u00e9e"
      ]
   },
   {  
      "pricePerUnit":[  
         "1.99\u20ac/l"
      ],
      "name":[  
         "SAN PELLEGRINO"
      ],
      "price":[  
         "3.95\u20ac"
      ],
      "id":"126915",
      "composition":[  
         "Composition : 6x33cl"
      ],
      "desc":[  
         "Boisson p\u00e9tillante aromatis\u00e9e au jus d'orange sanguine"
      ]
   },
   {  
      "pricePerUnit":[  
         "2.12\u20ac/l"
      ],
      "name":[  
         "SAN PELLEGRINO"
      ],
      "price":[  
         "4.20\u20ac"
      ],
      "id":"112436",
      "composition":[  
         "Composition : 6 x 33 cl"
      ],
      "desc":[  
         "Eau min\u00e9rale naurelle gazeuse"
      ]
   },
   {  
      "pricePerUnit":[  
         "0.94\u20ac/l"
      ],
      "name":[  
         "SALVETAT"
      ],
      "price":[  
         "1.18\u20ac"
      ],
      "id":"100441",
      "composition":[  
         "Composition : 1,25 l"
      ],
      "desc":[  
         "Eau min\u00e9rale naturelle gazeuse"
      ]
   },
   {  
      "pricePerUnit":[  
         "1.15\u20ac/l"
      ],
      "name":[  
         "BADOIT"
      ],
      "price":[  
         "1.15\u20ac"
      ],
      "id":"61001",
      "composition":[  
         "Composition : 1 l"
      ],
      "desc":[  
         "Bulles de Citron"
      ]
   },
   {  
      "pricePerUnit":[  
         "1.16\u20ac/l"
      ],
      "name":[  
         "BADOIT"
      ],
      "price":[  
         "1.16\u20ac"
      ],
      "id":"92749",
      "composition":[  
         "Composition : 1 l"
      ],
      "desc":[  
         "Eau min\u00e9rale naturelle gazeuse"
      ]
   },
   {  
      "pricePerUnit":[  
         "0.69\u20ac/l"
      ],
      "name":[  
         "VICHY"
      ],
      "price":[  
         "5.17\u20ac"
      ],
      "id":"4588",
      "composition":[  
         "Composition : 6 x 1,25 l"
      ],
      "desc":[  
         "Eau min\u00e9rale naturelle gazeuse"
      ]
   },
   {  
      "pricePerUnit":[  
         "0.44\u20ac/l"
      ],
      "name":[  
         "VERNIERE"
      ],
      "price":[  
         "3.31\u20ac"
      ],
      "id":"4590",
      "composition":[  
         "Composition : 1,25 l"
      ],
      "desc":[  
         "Eau min\u00e9rale naturelle gazeuse"
      ]
   },
   {  
      "pricePerUnit":[  
         "0.53\u20ac/l"
      ],
      "name":[  
         "ST-YORRE"
      ],
      "price":[  
         "3.99\u20ac"
      ],
      "id":"4594",
      "composition":[  
         "Composition : 6 x 1,25 l"
      ],
      "desc":[  
         "Eau min\u00e9rale naturelle gazeuse"
      ]
   },
   {  
      "pricePerUnit":[  
         "1.20\u20ac/l"
      ],
      "name":[  
         "SAN PELLEGRINO"
      ],
      "price":[  
         "3.61\u20ac"
      ],
      "id":"34223",
      "composition":[  
         "Composition : 6 x 50 cl"
      ],
      "desc":[  
         "Eau min\u00e9rale naturelle gazeuse"
      ]
   },
   {  
      "pricePerUnit":[  
         "0.75\u20ac/l"
      ],
      "name":[  
         "SAN PELLEGRINO"
      ],
      "price":[  
         "4.47\u20ac"
      ],
      "id":"4592",
      "composition":[  
         "Composition : 6 x 1 l"
      ],
      "desc":[  
         "Eau min\u00e9rale naturelle gazeuse"
      ]
   },
   {  
      "pricePerUnit":[  
         "0.60\u20ac/l"
      ],
      "name":[  
         "QUEZAC"
      ],
      "price":[  
         "4.17\u20ac"
      ],
      "id":"4595",
      "composition":[  
         "Composition : 6 x 1,15 l"
      ],
      "desc":[  
         "Eau min\u00e9rale naturelle gazeuse"
      ]
   },
   {  
      "pricePerUnit":[  
         "0.48\u20ac/l"
      ],
      "name":[  
         "CRISTALINE"
      ],
      "price":[  
         "1.45\u20ac"
      ],
      "id":"42073",
      "composition":[  
         "Composition : 6 x 50 cl"
      ],
      "desc":[  
         "Eau de Source gazeuse"
      ]
   },
   {  
      "pricePerUnit":[  
         "1.08\u20ac/l"
      ],
      "name":[  
         "BADOIT"
      ],
      "price":[  
         "3.24\u20ac"
      ],
      "id":"2710",
      "composition":[  
         "Composition : 6 x 50 cl"
      ],
      "desc":[  
         "Eau min\u00e9rale naturelle gazeuse"
      ]
   },
   {  
      "pricePerUnit":[  
         "0.44\u20ac/l"
      ],
      "name":[  
         "SALVETAT"
      ],
      "price":[  
         "3.28\u20ac"
      ],
      "id":"4593",
      "composition":[  
         "Composition : 6 x 1.25 l"
      ],
      "desc":[  
         "Eau min\u00e9rale naturelle gazeuse"
      ]
   },
   {  
      "pricePerUnit":[  
         "0.61\u20ac/l"
      ],
      "name":[  
         "BADOIT"
      ],
      "price":[  
         "3.66\u20ac"
      ],
      "id":"120513",
      "composition":[  
         "Composition : 6 x 1L"
      ],
      "desc":[  
         "Eau min\u00e9rale naturelle gazeuse"
      ]
   },
   {  
      "pricePerUnit":[  
         "0.80\u20ac/l"
      ],
      "name":[  
         "BADOIT"
      ],
      "price":[  
         "4.78\u20ac"
      ],
      "id":"120512",
      "composition":[  
         "Composition : 6 x 1L"
      ],
      "desc":[  
         "Eau min\u00e9rale naturelle gazeuse"
      ]
   },
   {  
      "pricePerUnit":[  
         "2.98\u20ac/pi\u00e8ce"
      ],
      "name":[  
         "VU"
      ],
      "price":[  
         "2.98\u20ac"
      ],
      "id":"101026",
      "composition":[  
         "Composition : x24"
      ],
      "desc":[  
         "Lingette de nettoyant optique"
      ]
   },
   {  
      "pricePerUnit":[  
         "0.05\u20ac/pi\u00e8ce"
      ],
      "name":[  
         "LOTUS"
      ],
      "price":[  

      ],
      "id":"130171",
      "composition":[  
         "Composition : 36 \u00e9tuis + 4 GRATUITS"
      ],
      "desc":[  
         "Mouchoirs Classic \u00e9tui"
      ]
   },
   {  
      "pricePerUnit":[  
         "0.21\u20ac/pi\u00e8ce"
      ],
      "name":[  
         "LOTUS"
      ],
      "price":[  
         "2.12\u20ac"
      ],
      "id":"103947",
      "composition":[  
         "Composition : 10 Etuis"
      ],
      "desc":[  
         "Etuis de mouchoirs blanc"
      ]
   },
   {  
      "pricePerUnit":[  
         "0.14\u20ac/pi\u00e8ce"
      ],
      "name":[  
         "LOTUS"
      ],
      "price":[  
         "3.27\u20ac"
      ],
      "id":"72030",
      "composition":[  
         "Composition : 24 Etuis"
      ],
      "desc":[  
         "Etuis de mouchoirs blanc"
      ]
   },
   {  
      "pricePerUnit":[  
         "1.14\u20ac/pi\u00e8ce"
      ],
      "name":[  
         "LOTUS"
      ],
      "price":[  
         "1.14\u20ac"
      ],
      "id":"94984",
      "composition":[  
         "Composition : 66 mouchoirs"
      ],
      "desc":[  
         "Bo\u00eete de mouchoirs blanc"
      ]
   },
   {  
      "pricePerUnit":[  
         "0.18\u20ac/pi\u00e8ce"
      ],
      "name":[  
         "LOTUS"
      ],
      "price":[  
         "2.72\u20ac"
      ],
      "id":"2789",
      "composition":[  
         "Composition : 15 Etuis"
      ],
      "desc":[  
         "Etuis de mouchoirs color\u00e9s"
      ]
   },
   {  
      "pricePerUnit":[  
         "0.14\u20ac/pi\u00e8ce"
      ],
      "name":[  
         "LOTUS"
      ],
      "price":[  
         "2.16\u20ac"
      ],
      "id":"100430",
      "composition":[  
         "Composition : 15 Etuis"
      ],
      "desc":[  
         "Etuis de mouchoirs blancs"
      ]
   },
   {  
      "pricePerUnit":[  
         "0.19\u20ac/pi\u00e8ce"
      ],
      "name":[  
         "KLEENEX"
      ],
      "price":[  
         "2.28\u20ac"
      ],
      "id":"35069",
      "composition":[  
         "Composition : 12 Etuis"
      ],
      "desc":[  
         "Etuis de mouchoirs blanc"
      ]
   },
   {  
      "pricePerUnit":[  
         "1.75\u20ac/pi\u00e8ce"
      ],
      "name":[  
         "LOTUS"
      ],
      "price":[  
         "1.75\u20ac"
      ],
      "id":"43270",
      "composition":[  
         "Composition : 48 mouchoirs"
      ],
      "desc":[  
         "Bo\u00eete de mouchoirs blancs"
      ]
   },
   {  
      "pricePerUnit":[  
         "0.02\u20ac/pi\u00e8ce"
      ],
      "name":[  
         "KLEENEX"
      ],
      "price":[  
         "2.26\u20ac"
      ],
      "id":"102312",
      "composition":[  
         "Composition : 2 x 72 mouchoirs"
      ],
      "desc":[  
         "Bo\u00eete de mouchoirs blanc"
      ]
   },
   {  
      "pricePerUnit":[  
         "1.93\u20ac/pi\u00e8ce"
      ],
      "name":[  
         "KLEENEX"
      ],
      "price":[  
         "1.93\u20ac"
      ],
      "id":"33699",
      "composition":[  
         "Composition : 80 mouchoirs"
      ],
      "desc":[  
         "Bo\u00eete de mouchoirs blanc"
      ]
   },
   {  
      "pricePerUnit":[  
         "2.21\u20ac/pi\u00e8ce"
      ],
      "name":[  
         "KLEENEX"
      ],
      "price":[  
         "2.21\u20ac"
      ],
      "id":"42724",
      "composition":[  
         "Composition : 80 mouchoirs"
      ],
      "desc":[  
         "Bo\u00eete de mouchoirs blancs"
      ]
   },
   {  
      "pricePerUnit":[  
         "0.08\u20ac/pi\u00e8ce"
      ],
      "name":[  
         "AUCHAN"
      ],
      "price":[  
         "2.01\u20ac"
      ],
      "id":"2835",
      "composition":[  
         "Composition : 24 Etuis"
      ],
      "desc":[  
         "Etuis de mouchoirs blancs pocket"
      ]
   },
   {  
      "pricePerUnit":[  
         "0.14\u20ac/pi\u00e8ce"
      ],
      "name":[  
         "AUCHAN"
      ],
      "price":[  
         "1.66\u20ac"
      ],
      "id":"76103",
      "composition":[  
         "Composition : 12 Etuis"
      ],
      "desc":[  
         "Etuis de mouchoirs blanc"
      ]
   },
   {  
      "pricePerUnit":[  
         "3.98\u20ac/l"
      ],
      "name":[  
         "MIR"
      ],
      "price":[  
         "1.99\u20ac"
      ],
      "id":"100405",
      "composition":[  
         "Composition : 500 ml"
      ],
      "desc":[  
         "Liquide vaisselle alo\u00e9 vera"
      ]
   },
   {  
      "pricePerUnit":[  
         "1.45\u20ac/pi\u00e8ce"
      ],
      "name":[  
         "AUCHAN"
      ],
      "price":[  
         "1.45\u20ac"
      ],
      "id":"21263",
      "composition":[  
         "Composition : 100 mouchoirs"
      ],
      "desc":[  
         "Bo\u00eete de mouchoirs couleur"
      ]
   },
   {  
      "pricePerUnit":[  
         "2.99\u20ac/l"
      ],
      "name":[  
         "PALMOLIVE"
      ],
      "price":[  
         "2.24\u20ac"
      ],
      "id":"100040",
      "composition":[  
         "Composition : 750 ml"
      ],
      "desc":[  
         "Liquide vaisselle"
      ]
   },
   {  
      "pricePerUnit":[  
         "3.70\u20ac/l"
      ],
      "name":[  
         "PALMOLIVE"
      ],
      "price":[  
         "1.85\u20ac"
      ],
      "id":"23112",
      "composition":[  
         "Composition : 500 ml"
      ],
      "desc":[  
         "Liquide vaisselle peaux sensibles"
      ]
   },
   {  
      "pricePerUnit":[  
         "3.72\u20ac/l"
      ],
      "name":[  
         "PAIC"
      ],
      "price":[  
         "2.79\u20ac"
      ],
      "id":"125684",
      "composition":[  
         "Composition : 750 ml"
      ],
      "desc":[  
         "Liquide vaisselle au citron"
      ]
   },
   {  
      "pricePerUnit":[  
         "2.32\u20ac/l"
      ],
      "name":[  
         "PAIC"
      ],
      "price":[  
         "3.48\u20ac"
      ],
      "id":"117855",
      "composition":[  
         "Composition : 1.5 L"
      ],
      "desc":[  
         "Liquide vaisselle au citron"
      ]
   },
   {  
      "pricePerUnit":[  
         "5.16\u20ac/l"
      ],
      "name":[  
         "PAIC"
      ],
      "price":[  
         "2.58\u20ac"
      ],
      "id":"113274",
      "composition":[  
         "Composition : 500 ml"
      ],
      "desc":[  
         "Liquide vaisselle antibact\u00e9rien"
      ]
   },
   {  
      "pricePerUnit":[  
         "5.08\u20ac/l"
      ],
      "name":[  
         "PAIC"
      ],
      "price":[  
         "2.54\u20ac"
      ],
      "id":"98126",
      "composition":[  
         "Composition : 500 ml"
      ],
      "desc":[  
         "Liquide vaisselle anti-odeur"
      ]
   },
   {  
      "pricePerUnit":[  
         "3.00\u20ac/l"
      ],
      "name":[  
         "PAIC"
      ],
      "price":[  
         "2.25\u20ac"
      ],
      "id":"41254",
      "composition":[  
         "Composition : 750ml"
      ],
      "desc":[  
         "Liquide vaisselle citron vert"
      ]
   },
   {  
      "pricePerUnit":[  
         "2.76\u20ac/l"
      ],
      "name":[  
         "PAIC"
      ],
      "price":[  
         "2.07\u20ac"
      ],
      "id":"71964",
      "composition":[  
         "Composition : 750 ml"
      ],
      "desc":[  
         "Liquide vaisselle au citron"
      ]
   },
   {  
      "pricePerUnit":[  
         "2.91\u20ac/l"
      ],
      "name":[  
         "MIR"
      ],
      "price":[  
         "2.18\u20ac"
      ],
      "id":"101722",
      "composition":[  
         "Composition : 750 ml"
      ],
      "desc":[  
         "Vaisselle Andalousie figue et grenade"
      ]
   },
   {  
      "pricePerUnit":[  
         "4.80\u20ac/l"
      ],
      "name":[  
         "PAIC"
      ],
      "price":[  
         "2.40\u20ac"
      ],
      "id":"113272",
      "composition":[  
         "Composition : 500 ml"
      ],
      "desc":[  
         "EXCEL + Exp d\u00e9graissant"
      ]
   },
   {  
      "pricePerUnit":[  
         "4.32\u20ac/l"
      ],
      "name":[  
         "MIR"
      ],
      "price":[  
         "2.16\u20ac"
      ],
      "id":"125498",
      "composition":[  
         "Composition : 500 ml"
      ],
      "desc":[  
         "Liquide Vaisselle"
      ]
   },
   {  
      "pricePerUnit":[  
         "3.19\u20ac/l"
      ],
      "name":[  
         "MIR"
      ],
      "price":[  
         "2.39\u20ac"
      ],
      "id":"1252",
      "composition":[  
         "Composition : 750 ml"
      ],
      "desc":[  
         "Liquide vaisselle vinaigre et pomme"
      ]
   },
   {  
      "pricePerUnit":[  
         "4.30\u20ac/l"
      ],
      "name":[  
         "MIR"
      ],
      "price":[  
         "2.15\u20ac"
      ],
      "id":"5289",
      "composition":[  
         "Composition : 500 ml"
      ],
      "desc":[  
         "Liquide vaisselle vinaigre et pamplemousse rose"
      ]
   },
   {  
      "pricePerUnit":[  
         "4.36\u20ac/l"
      ],
      "name":[  
         "MIR"
      ],
      "price":[  
         "2.18\u20ac"
      ],
      "id":"61597",
      "composition":[  
         "Composition : 500 ml"
      ],
      "desc":[  
         "Liquide vaisselle cerisier"
      ]
   },
   {  
      "pricePerUnit":[  
         "2.81\u20ac/l"
      ],
      "name":[  
         "MAISON VERTE"
      ],
      "price":[  
         "2.11\u20ac"
      ],
      "id":"2075",
      "composition":[  
         "Composition : 750 ml"
      ],
      "desc":[  
         "Liquide vaisselle menthe agrumes"
      ]
   },
   {  
      "pricePerUnit":[  
         "3.90\u20ac/l"
      ],
      "name":[  
         "MAISON VERTE"
      ],
      "price":[  
         "1.95\u20ac"
      ],
      "id":"41842",
      "composition":[  
         "Composition : 500 ml"
      ],
      "desc":[  
         "Liquide vaiselle d\u00e9graissant thym-basilic"
      ]
   },
   {  
      "pricePerUnit":[  
         "4.42\u20ac/l"
      ],
      "name":[  
         "L'ARBRE VERT"
      ],
      "price":[  
         "2.21\u20ac"
      ],
      "id":"46250",
      "composition":[  
         "Composition : 500 ml"
      ],
      "desc":[  
         "Liquide vaisselle pour peaux sensibles"
      ]
   },
   {  
      "pricePerUnit":[  
         "3.39\u20ac/pi\u00e8ce"
      ],
      "name":[  
         "CILLIT BANG"
      ],
      "price":[  
         "3.39\u20ac"
      ],
      "id":"94981",
      "composition":[  
         "Composition : x1"
      ],
      "desc":[  
         "Recharge au citron"
      ]
   },
   {  
      "pricePerUnit":[  
         "1.92\u20ac/l"
      ],
      "name":[  
         "AUCHAN"
      ],
      "price":[  
         "1.44\u20ac"
      ],
      "id":"11476",
      "composition":[  
         "Composition : 750 ml"
      ],
      "desc":[  
         "Liquide vaisselle peaux sensibles"
      ]
   },
   {  
      "pricePerUnit":[  
         "2.64\u20ac/l"
      ],
      "name":[  
         "AUCHAN"
      ],
      "price":[  
         "1.32\u20ac"
      ],
      "id":"117060",
      "composition":[  
         "Composition : 500 ml"
      ],
      "desc":[  
         "Liquide vaisselle nectarine"
      ]
   },
   {  
      "pricePerUnit":[  
         "1.17\u20ac/l"
      ],
      "name":[  
         "PERRIER"
      ],
      "price":[  
         "1.17\u20ac"
      ],
      "id":"97092",
      "composition":[  
         "Composition : 1 l"
      ],
      "desc":[  
         "Eau min\u00e9rale naturelle gazeuse"
      ]
   },
   {  
      "pricePerUnit":[  
         "1.10\u20ac/l"
      ],
      "name":[  
         "PERRIER"
      ],
      "price":[  
         "1.10\u20ac"
      ],
      "id":"113251",
      "composition":[  
         "Composition : 1 l"
      ],
      "desc":[  
         "Eau min\u00e9rale naturelle gazeuse"
      ]
   },
   {  
      "pricePerUnit":[  
         "0.60\u20ac/l"
      ],
      "name":[  
         "PERRIER"
      ],
      "price":[  
         "3.60\u20ac"
      ],
      "id":"31574",
      "composition":[  
         "Composition : 6 x 1 l"
      ],
      "desc":[  
         "Eau min\u00e9rale naturelle gazeuse"
      ]
   },
   {  
      "pricePerUnit":[  
         "1.53\u20ac/l"
      ],
      "name":[  
         "PERRIER"
      ],
      "price":[  
         "4.59\u20ac"
      ],
      "id":"52355",
      "composition":[  
         "Composition : 6 x 50 cl"
      ],
      "desc":[  
         "Eau min\u00e9rale naturelle gazeuse"
      ]
   },
   {  
      "pricePerUnit":[  
         "1.10\u20ac/l"
      ],
      "name":[  
         "PERRIER"
      ],
      "price":[  
         "1.10\u20ac"
      ],
      "id":"46132",
      "composition":[  
         "Composition : 1 l"
      ],
      "desc":[  
         "Boisson min\u00e9rale naturelle gazeuse"
      ]
   },
   {  
      "pricePerUnit":[  
         "0.79\u20ac/l"
      ],
      "name":[  
         "PERRIER"
      ],
      "price":[  
         "4.72\u20ac"
      ],
      "id":"14866",
      "composition":[  
         "Composition : 6 x 1 l"
      ],
      "desc":[  
         "Eau min\u00e9rale naturelle gazeuse"
      ]
   },
   {  
      "pricePerUnit":[  
         "1.93\u20ac/l"
      ],
      "name":[  
         "AUCHAN"
      ],
      "price":[  
         "1.45\u20ac"
      ],
      "id":"5926",
      "composition":[  
         "Composition : 750 ml"
      ],
      "desc":[  
         "Liquide vaisselle d\u00e9graissant"
      ]
   },
   {  
      "pricePerUnit":[  
         "1.10\u20ac/l"
      ],
      "name":[  
         "PERRIER"
      ],
      "price":[  
         "1.10\u20ac"
      ],
      "id":"46131",
      "composition":[  
         "Composition : 1 l"
      ],
      "desc":[  
         "Eau min\u00e9rale naturelle gazeuse"
      ]
   },
   {  
      "pricePerUnit":[  
         "1.21\u20ac/l"
      ],
      "name":[  
         "PERRIER"
      ],
      "price":[  
         "3.64\u20ac"
      ],
      "id":"1908",
      "composition":[  
         "Composition : 4 x 75 cl"
      ],
      "desc":[  
         "Eau min\u00e9rale naturelle gazeuse"
      ]
   },
   {  
      "pricePerUnit":[  
         "1.37\u20ac/l"
      ],
      "name":[  
         "PERRIER"
      ],
      "price":[  
         "4.10\u20ac"
      ],
      "id":"36934",
      "composition":[  
         "Composition : 6 x 50 cl"
      ],
      "desc":[  
         "Eau min\u00e9rale naturelle gazeuse"
      ]
   },
   {  
      "pricePerUnit":[  
         "1.48\u20ac/l"
      ],
      "name":[  
         "PERRIER"
      ],
      "price":[  
         "2.93\u20ac"
      ],
      "id":"100329",
      "composition":[  
         "Composition : 6 x 33 cl"
      ],
      "desc":[  
         "Eau min\u00e9rale naturelle gazeuse"
      ]
   },
   {  
      "pricePerUnit":[  
         "0.40\u20ac/pi\u00e8ce"
      ],
      "name":[  
         "RENOVA"
      ],
      "price":[  
         "3.61\u20ac"
      ],
      "id":"110655",
      "composition":[  
         "Composition : 9 pi\u00e8ces"
      ],
      "desc":[  
         "Papier toilette design"
      ]
   },
   {  
      "pricePerUnit":[  
         "0.26\u20ac/pi\u00e8ce"
      ],
      "name":[  
         "POUCE"
      ],
      "price":[  
         "1.58\u20ac"
      ],
      "id":"74408",
      "composition":[  
         "Composition : 6 pi\u00e8ces"
      ],
      "desc":[  
         "Papier toilette color\u00e9"
      ]
   },
   {  
      "pricePerUnit":[  
         "0.47\u20ac/pi\u00e8ce"
      ],
      "name":[  
         "AUCHAN"
      ],
      "price":[  
         "3.75\u20ac"
      ],
      "id":"61593",
      "composition":[  
         "Composition : 8 pi\u00e8ces"
      ],
      "desc":[  
         "Papier toilette color\u00e9 parfum\u00e9"
      ]
   },
   {  
      "pricePerUnit":[  
         "0.34\u20ac/pi\u00e8ce"
      ],
      "name":[  
         "AUCHAN"
      ],
      "price":[  
         "4.13\u20ac"
      ],
      "id":"72631",
      "composition":[  
         "Composition : 12 Pi\u00e8ces"
      ],
      "desc":[  
         "Papier toilette blanc triple \u00e9paisseur"
      ]
   },
   {  
      "pricePerUnit":[  
         "0.33\u20ac/pi\u00e8ce"
      ],
      "name":[  
         "AUCHAN"
      ],
      "price":[  
         "3.96\u20ac"
      ],
      "id":"47814",
      "composition":[  
         "Composition : 12 Pi\u00e8ces"
      ],
      "desc":[  
         "Papier toilette color\u00e9 triple \u00e9paisseur"
      ]
   },
   {  
      "pricePerUnit":[  
         "0.45\u20ac/pi\u00e8ce"
      ],
      "name":[  
         "LOTUS"
      ],
      "price":[  
         "2.69\u20ac"
      ],
      "id":"61177",
      "composition":[  
         "Composition : 6 pi\u00e8ces"
      ],
      "desc":[  
         "Papier toilette d\u00e9cor\u00e9"
      ]
   },
   {  
      "pricePerUnit":[  
         "0.40\u20ac/pi\u00e8ce"
      ],
      "name":[  
         "AUCHAN"
      ],
      "price":[  
         "1.59\u20ac"
      ],
      "id":"61594",
      "composition":[  
         "Composition : 4 pi\u00e8ces"
      ],
      "desc":[  
         "Papier toilette color\u00e9"
      ]
   },
   {  
      "pricePerUnit":[  
         "0.38\u20ac/pi\u00e8ce"
      ],
      "name":[  
         "AUCHAN"
      ],
      "price":[  
         "6.15\u20ac"
      ],
      "id":"52427",
      "composition":[  
         "Composition : 16 pi\u00e8ces"
      ],
      "desc":[  
         "Papier toilette blanc double \u00e9paisseur"
      ]
   },
   {  
      "pricePerUnit":[  
         "0.41\u20ac/pi\u00e8ce"
      ],
      "name":[  
         "AUCHAN"
      ],
      "price":[  
         "4.94\u20ac"
      ],
      "id":"44424",
      "composition":[  
         "Composition : 12 pi\u00e8ces"
      ],
      "desc":[  
         "Papier toilette color\u00e9  parfum\u00e9"
      ]
   },
   {  
      "pricePerUnit":[  
         "0.38\u20ac/pi\u00e8ce"
      ],
      "name":[  
         "AUCHAN"
      ],
      "price":[  
         "2.29\u20ac"
      ],
      "id":"57804",
      "composition":[  
         "Composition : 6 pi\u00e8ces"
      ],
      "desc":[  
         "Papier toilette blanc"
      ]
   },
   {  
      "pricePerUnit":[  
         "0.53\u20ac/pi\u00e8ce"
      ],
      "name":[  
         "AUCHAN"
      ],
      "price":[  
         "4.21\u20ac"
      ],
      "id":"61604",
      "composition":[  
         "Composition : 8 pi\u00e8ces"
      ],
      "desc":[  
         "Papier toilette d\u00e9cor\u00e9"
      ]
   },
   {  
      "pricePerUnit":[  
         "0.47\u20ac/pi\u00e8ce"
      ],
      "name":[  
         "POUCE"
      ],
      "price":[  
         "0.94\u20ac"
      ],
      "id":"61857",
      "composition":[  
         "Composition : 2 pi\u00e8ces"
      ],
      "desc":[  
         "Essuie-tout blanc"
      ]
   },
   {  
      "pricePerUnit":[  
         "0.63\u20ac/pi\u00e8ce"
      ],
      "name":[  
         "OKAY"
      ],
      "price":[  
         "1.90\u20ac"
      ],
      "id":"113095",
      "composition":[  
         "Composition : 3 pi\u00e8ces"
      ],
      "desc":[  
         "Essuie-tout blanc"
      ]
   },
   {  
      "pricePerUnit":[  
         "1.16\u20ac/pi\u00e8ce"
      ],
      "name":[  
         "OKAY"
      ],
      "price":[  
         "2.31\u20ac"
      ],
      "id":"1755",
      "composition":[  
         "Composition : 2 pi\u00e8ces"
      ],
      "desc":[  
         "Essuie-tout blanc XXL"
      ]
   },
   {  
      "pricePerUnit":[  
         "0.75\u20ac/pi\u00e8ce"
      ],
      "name":[  
         "LOTUS"
      ],
      "price":[  
         "2.24\u20ac"
      ],
      "id":"61071",
      "composition":[  
         "Composition : 3 pi\u00e8ces"
      ],
      "desc":[  
         "Essuie-tout blanc r\u00e9sistant"
      ]
   },
   {  
      "pricePerUnit":[  
         "0.01\u20ac/pi\u00e8ce"
      ],
      "name":[  
         "AUCHAN"
      ],
      "price":[  
         "5.76\u20ac"
      ],
      "id":"113809",
      "composition":[  
         "Composition : 1 pi\u00e8ce"
      ],
      "desc":[  
         "Essuie tout en bobine"
      ]
   },
   {  
      "pricePerUnit":[  
         "1.09\u20ac/pi\u00e8ce"
      ],
      "name":[  
         "AUCHAN"
      ],
      "price":[  
         "3.26\u20ac"
      ],
      "id":"128685",
      "composition":[  
         "Composition : 3 pi\u00e8ces"
      ],
      "desc":[  
         "Essuie-tout blanc"
      ]
   },
   {  
      "pricePerUnit":[  
         "1.00\u20ac/pi\u00e8ce"
      ],
      "name":[  
         "AUCHAN"
      ],
      "price":[  
         "3.00\u20ac"
      ],
      "id":"61125",
      "composition":[  
         "Composition : 3 pi\u00e8ces"
      ],
      "desc":[  
         "Essuie-tout d\u00e9cor\u00e9"
      ]
   }
]
